2934 4750
684 281 787 323 csrur
812 279 976 338 ausurus.

497 453 578 504 Coeli
595 453 717 503 choream
738 444 872 514 ἆστριιιὴν
891 447 1062 508 ostenderet,

496 547 590 596 Nubes
605 545 700 607 aquati
714 542 818 606 triglao
835 542 900 591 velo
918 542 999 590 leves

498 636 581 687 coeli
597 648 736 686 cavernas
752 647 854 685 aureas
872 633 1073 694 subduxerant,

497 732 603 790 Aquam
621 731 766 777 vomentes
784 726 901 776 inieram
920 723 1097 776 mortalibus:

496 819 636 882 ventique
653 819 757 882 frigido
776 831 808 868 se
827 819 861 868 ab
879 829 932 867 axe
950 818 1100 877 eruperant

496 911 654 962 Phrenetici
672 911 896 974 septentrionum
912 905 973 971 filii,

498 1007 598 1055 secum
620 1005 746 1054 terentes
763 1003 891 1066 tegulas,
909 1013 1020 1065 ramos,
1039 1013 1136 1062 apros.

496 1096 534 1144 At
550 1108 605 1146 nos
621 1097 737 1159 essaei,
753 1094 898 1159 naunagi,
914 1099 946 1145 ut
963 1093 1092 1144 ciconiae

497 1187 620 1246 Quarum
637 1188 765 1250 bipennis
783 1187 905 1238 fulminis
922 1188 1030 1249 plumas
1048 1197 1139 1246 vapor

496 1279 640 1344 inussit,
657 1282 715 1330 alte
732 1281 834 1330 moesti
850 1280 879 1330 in
898 1283 1000 1328 terram
1018 1273 1201 1328 cecidimus.“

294 1371 365 1437 Pari
388 1369 502 1454 ingenii
523 1370 636 1455 spiritu
655 1371 775 1456 prolata
800 1377 874 1435 sunt
895 1369 989 1434 verba
1009 1365 1205 1445 Promethei,
1232 1363 1359 1430 Caucasi

293 1481 422 1567 rupibus
441 1479 569 1546 vinculis
589 1479 697 1545 ferreis
716 1480 801 1545 affixi
824 1481 946 1564 lateque
967 1478 1146 1563 plangorem
1168 1473 1340 1542 fundentis:

445 1591 597 1654 „mortalis
614 1604 694 1642 nemo
714 1591 843 1657 exaudit,
864 1592 913 1642 sed
931 1591 989 1640 late
1006 1589 1134 1640 incolens

445 1683 612 1742 scytharum
627 1683 805 1746 inhospitalis
825 1683 929 1745 campis
947 1681 1075 1732 vastitas.

443 1865 530 1914 Levis
549 1879 628 1916 mens
646 1881 785 1931 nunquam
808 1880 976 1918 somnuruas
996 1865 1132 1930 imagines

444 1956 579 2022 Adfatur,
600 1971 657 2008 non
673 1961 837 2010 umbrantur
854 1972 954 2010 somno
973 1957 1122 2022 papulae.“

291 2045 342 2109 En
362 2044 501 2111 divinum
518 2047 665 2113 orationis
686 2049 794 2115 ilatum
814 2049 852 2115 ad
871 2071 928 2115 nos
948 2049 1169 2134 suspirantem,
1193 2065 1257 2130 quo
1279 2042 1358 2108 nihil

291 2154 426 2233 dulcius,
451 2154 529 2220 nihil
549 2155 710 2224 iucundius
737 2167 792 2226 aut
819 2159 981 2226 sublimius
1002 2158 1138 2223 Latiares
1157 2156 1268 2222 Musae
1289 2174 1359 2218 uu-

291 2284 385 2349 quam
402 2265 594 2332 ceoiuerunt!
637 2270 715 2334 Tam
737 2270 838 2336 suavis
858 2269 1024 2334 verborum
1046 2264 1231 2340 modulatio,
1256 2270 1294 2328 ut
1310 2259 1359 2326 rei

290 2371 323 2438 hi
349 2376 439 2459 pauoi
470 2376 612 2441 versiculi
645 2400 760 2444 nomen
790 2380 938 2445 Varronis
971 2377 1146 2443 aeternitati
1175 2378 1359 2447 assererent,

290 2484 410 2550 etiamsi
432 2483 509 2549 nibil
533 2495 692 2571 praetcrea
714 2490 900 2575 scripsisset,
924 2510 987 2575 quo
1007 2489 1036 2553 ei
1054 2486 1237 2553 consuleret.
1281 2480 1359 2548 Uti—

289 2613 361 2657 nam
380 2592 480 2658 adbuc
495 2593 679 2662 haberemus
701 2606 885 2685 ‘apoopioov
905 2598 1014 2676 libros,
1037 2618 1170 2684 quorum
1194 2594 1359 2681 epigram—

289 2703 380 2767 matis
400 2702 538 2768 virorum
557 2704 723 2771 illustrium
741 2708 875 2793 cujusvis
894 2708 1003 2774 aetatis
1025 2708 1057 2772 in
1079 2704 1188 2793 quavis
1207 2710 1275 2769 arte
1294 2723 1358 2767 ex-

288 2810 464 2876 cellentium
483 2812 588 2878 laudes
614 2813 784 2880 celebratae
806 2814 907 2881 eraut!
950 2816 1075 2883 Utinam
1101 2821 1258 2901 superstes
1276 2816 1358 2877 esset

287 2940 411 2985 carmen
427 2919 594 2987 deiterata
606 2924 733 3001 Natura,
753 2924 840 3011 cujus
860 2946 942 2990 nunc
965 2924 1112 2990 memoria
1133 2924 1176 2988 ita
1198 2930 1246 2987 est
1267 2922 1358 2987 obli-

287 3035 395 3109 terata,
408 3038 444 3096 ut
463 3051 623 3117 nunquam
642 3033 790 3119 scriptum
810 3032 903 3099 tuisse
919 3056 1019 3120 nuper
1034 3033 1159 3121 quidam
1178 3051 1358 3099 asseverare

286 3139 450 3206 auderent!
472 3144 526 3216 aa)
569 3142 612 3206 Et
630 3141 705 3208 haec
727 3142 907 3209 Saturarum
929 3144 1164 3230 Menippoamm
1185 3139 1358 3205 bellissima

354 3399 400 3459 ¹⁹)
418 3401 454 3449 V.
470 3402 504 3451 ii.
523 3401 555 3452 c.
573 3406 607 3453 Δ.
625 3404 771 3455 llioltsta’tclt
792 3408 825 3457 (le
848 3409 880 3457 Τ.
904 3408 1032 3458 Lucretii
1051 3407 1118 3459 Gari
1138 3406 1206 3457 Vita
1231 3406 1262 3453 et
1284 3402 1361 3453 Gar-

285 3482 357 3532 miue
375 3496 402 3545 p.
420 3484 597 3549 mlxxxvi,
613 3500 641 3536 n.
656 3488 700 3536 aa.
719 3488 762 3547 (in
779 3490 822 3539 ed.
840 3494 955 3543 Lucret.
973 3494 1039 3542 tom.
1057 3490 1105 3557 1.),
1123 3488 1169 3554 utri
1189 3490 1226 3537 sl.
1246 3488 1361 3538 Teren-

285 3566 352 3616 tium
361 3567 508 3618 Reatinum
521 3572 550 3618 et
560 3569 591 3619 Ρ.
603 3570 763 3621 'ferentium
773 3575 920 3627 Atacinum
936 3575 1051 3626 subinde
1066 3574 1239 3625 contundens
1255 3571 1287 3620 in
1302 3571 1359 3623 hao

285 3660 374 3700 eausa
388 3648 485 3701 mirum
504 3656 635 3713 quantun
653 3655 841 3707 hallucinatus
861 3662 915 3710 est.
937 3659 1074 3711 Memoria
1092 3656 1224 3709 cuminis
1241 3657 1360 3709 Varro·

284 3730 361 3782 niani
374 3732 473 3784 nititur
485 3737 637 3800 praecipuo
653 3740 719 3790 loeo
737 3740 878 3793 Lactantii
890 3743 1086 3795 Institllivin.
1103 3743 1122 3791 l.
1140 3742 1178 3807 ll,
1197 3754 1222 3790 c.
1241 3739 1288 3805 18,
1309 3739 1358 3791 ubl

283 3817 417 3881 leguntur
433 3818 518 3869 baec:
537 3823 751 3887 „Empedoclea
767 3838 846 3887 quem
864 3827 989 3891 nescias,
1007 3830 1134 3879 utrumne
1153 3826 1228 3875 inter
1246 3827 1358 3887 *poetas

282 3912 321 3952 an
331 3899 406 3952 inter
420 3901 602 3968 philosophos
615 3920 754 3974 numeres,
768 3911 841 3972 quod
856 3912 1027 3963 deltarum
1037 3914 1169 3961 Natura
1182 3907 1359 3961 versibus

283 3984 451 4049 scripsit,
473 3991 509 4038 ut
527 3990 616 4052 apud
632 3992 805 4043 Romanos
822 3995 1016 4047 Lucretius
1043 3999 1078 4046 et
1099 3997 1216 4046 Varro
1233 4018 1270 4029 -
1286 3991 1360 4043 -.“

282 4070 345 4131 Quo
361 4082 423 4123 eum
439 4073 504 4124 loco
522 4086 653 4138 compara
671 4079 759 4129 verba
774 4077 955 4139 Quinctiliani
972 4079 1064 4131 instit.
1085 4079 1164 4131 orat.
1181 4079 1201 4128 1.
1220 4078 1250 4143 l,
1279 4089 1309 4128 c.
1329 4079 1356 4128 t.
