2934 4750
278 287 340 348 loa
615 304 645 342 u.
670 299 822 348 rnauurn
846 297 1004 342 varamus

299 471 327 536 3.
361 467 437 543 Sed,
461 465 648 541 oPetrulle‚
677 486 716 529 ne
738 485 842 531 meum
860 464 943 528 taxis
966 464 1082 530 librum.

363 577 393 642 Si
418 585 449 640 te
470 576 582 660 defigat
602 575 652 640 bic
671 575 781 640 modus
804 573 967 639 seenatilis.

299 690 327 750 4.
364 686 394 750 Si
418 684 591 773 displicebit
609 694 671 749 tam
694 685 751 750 tibi
772 686 868 750 latum
890 705 974 748 mare

363 794 490 860 Parabis
509 803 655 881 quantam
678 795 837 882 spongiam
858 790 1029 862 deletileml

299 907 327 969 5.
362 906 433 972 Non
450 925 504 969 eos
524 913 650 991 optume
669 905 796 982 vixisse,
815 904 868 990 qui
888 902 1060 968 diutissime
1079 901 1198 977 virent,
1219 900 1274 964 sed
1295 901 1344 985 qui

291 1021 295 1033 '
365 1013 597 1080 modestissime.

300 1125 328 1190 [i.
362 1117 447 1202 Quid
475 1123 558 1188 aliud
585 1124 653 1187 est?
690 1111 773 1208 quod
792 1122 942 1208 Delphice
961 1129 1052 1199 canat
1072 1121 1216 1186 columna
1239 1120 1344 1184 litteris
1450 1142 1451 1151 ¹

364 1233 428 1298 suis
449 1249 554 1300 ΑΓΑΝ
572 1249 872 1317 MHAEN‚·quam‚
896 1253 952 1296 nos
975 1231 1074 1295 lacere
1093 1230 1132 1294 ad
1153 1230 1344 1294 inmortalem

365 1342 490 1407 modurn
515 1341 714 1418 medioximo,
749 1353 785 1405 ut
805 1341 961 1426 quondam
983 1340 1203 1426 patresnostri
1230 1339 1343 1424 loque-

365 1452 487 1518 bantur.
1002 1527 1006 1533 ⁴

302 1561 328 1624 7.
365 1561 452 1638 Quot
472 1568 538 1623 turn
559 1567 648 1622 erant
668 1559 700 1622 in
724 1558 852 1624 Graecia
874 1579 961 1623 corna
984 1558 1149 1644 promissa,
1178 1578 1246 1624 rasa
1268 1557 1342 1620 bar-

365 1671 418 1745 ba,
439 1668 531 1753 pallia
555 1667 722 1732 trahentes.

301 1777 330 1842 8.
366 1777 468 1856 Quam
489 1776 629 1855 istorum,
648 1798 781 1862 quorum
801 1777 914 1842 vitreae
936 1784 1026 1862 togae
1049 1783 1206 1842 ostentant
1226 1777 1341 1842 tunicae
1450 1844 1451 1857 p

366 1885 476 1952 clavos.
1450 1878 1451 1881 '

235 2061 244 2084 .
301 1996 330 2060 9.
365 1994 424 2060 Sed
446 1993 567 2079 Cynicis
588 1992 781 2059 involucrum
803 2003 835 2060 et
856 1995 983 2081 pallium
1004 1995 1122 2061 luteum
1143 2017 1205 2059 noo
1226 2002 1282 2060 est.

283 2105 330 2170 10.
366 2104 444 2184 Quis
466 2103 583 2190 poculis
605 2102 778 2169 ardentium
797 2103 925 2171 eborum
949 2106 1088 2174 introibit
1107 2105 1243 2190 popino?

283 2218 331 2280 ll.
485 2213 601 2300 Capitis
621 2234 734 2278 corona
755 2214 855 2280 fasciis
874 2216 943 2280 linit

364 2325 487 2391 Faciem
509 2333 540 2388 et
562 2323 666 2389 labore
688 2323 774 2389 llatili
797 2325 902 2390 viridis
922 2325 1043 2412 premit.

283 2436 330 2498 la.
366 2434 554 2498 Trimodiam
574 2434 816 2521 amphoramque
836 2434 1088 2500 eanderntemeti
1111 2456 1146 2499 ac
1162 2434 1251 2499 larris
1270 2454 1343 2497 mo·
1450 2423 1451 2436 *

367 2543 461 2609 dium.

282 2653 330 2717 13.
362 2654 404 2717 Et
430 2652 489 2717 hoc
515 2653 643 2718 interest
669 2654 750 2718 inter
776 2653 946 2738 Epicurum
975 2662 1006 2719 et
1033 2674 1187 2738 ganeones
1216 2662 1344 2728 nostros,

365 2760 477 2845 quibus
497 2761 639 2829 modulus
660 2770 707 2827 est
727 2762 807 2827 vitae
829 2764 940 2828 culina.

282 2870 330 2932 14.
364 2873 406 2932 At
428 2890 460 2933 se
483 2892 579 2936 unum
599 2892 665 2935 esse
686 2872 941 2955 pulmentarium,
964 2872 1134 2938 secundans
1153 2892 1217 2957 quo
1239 2878 1345 2937 natura

365 2977 536 3060 aurigatur,
556 3002 619 3045 non
637 2979 840 3046 necessitudo.
1245 2977 1248 2986 ’

283 3086 329 3151 15.
363 3087 399 3151 ln
422 3086 561 3152 bucolico
584 3088 717 3154 dormire
742 3090 864 3154 mallem
887 3090 1002 3154 scilicet
1023 3090 1140 3175 potius,
1161 3110 1267 3153 meum
1292 3089 1344 3154 vi·
1450 3083 1451 3114 ³

364 3218 438 3262 num
456 3196 605 3266 cibarium
623 3221 716 3287 quam
737 3221 794 3284 ego
818 3198 962 3269 dominus
981 3207 1146 3284 gustarem.

280 3306 328 3371 lb.
361 3308 455 3373 Putat
478 3308 543 3376 sore
565 3310 639 3390 boc,
665 3310 748 3397 quod
769 3309 817 3374 bis
838 3309 1059 3375 comedonibus
1083 3308 1252 3389 [eonJvenit
1277 3327 1343 3380 usu,

363 3417 490 3498 quibus,
529 3430 612 3487 mota
646 3421 802 3505 voluptate
834 3442 904 3485 cum
936 3419 1046 3495 edunt,
1081 3420 1242 3485 dumtaxat
1274 3416 1343 3501 gula

364 3524 484 3606 gaudet.
947 3539 949 3546 '

279 3630 326 3694 ll.
362 3632 448 3695 Hanc
469 3634 596 3698 eandem
619 3636 808 3719 voluptatem
829 3637 972 3707 tacitulus
999 3637 1093 3701 tanim
1116 3637 1264 3721 consequi
1292 3635 1343 3699 la-

361 3740 466 3825 pathio
487 3748 518 3805 et
539 3742 659 3827 ptisana
679 3764 814 3827 possum.

278 3845 326 3912 18.
361 3847 462 3927 Quate
484 3872 567 3915 meas
587 3851 740 3917 lubidines
762 3853 800 3917 ad
822 3853 913 3919 tibias
935 3854 1098 3938 bilingues.

343 4006 367 4054 1.
406 4006 455 4066 Ap.
475 4008 546 4057 Non.
565 4022 590 4069 p.
610 4008 658 4073 17,
681 4007 723 4055 25.
745 4022 772 4056 v.
794 4008 948 4057 Gradarius
967 4014 1013 4057 est
1030 4005 1107 4057 molli
1123 4007 1214 4069 gradu
1238 4006 1268 4055 et
1285 4003 1344 4053 sine
1450 4053 1451 4078 p

275 4092 463 4141 streensotnre
486 4091 586 4142 nitens.
613 4119 639 4129 -
670 4092 842 4141 vocabulum
865 4092 956 4143 Nonio
983 4094 1126 4143 laureatum
1156 4104 1214 4142 non
1237 4088 1296 4152 legi
1315 4086 1343 4136 io
