2934 4750
282 239 326 300 44
664 262 768 306 canoa
796 265 974 310 uaesana.

283 445 321 490 eo
342 432 481 510 tempore
504 426 569 491 lere
590 430 814 514 sexagesimum
837 432 946 497 aetatis
969 454 1085 500 anuum
1103 437 1204 522 egisse
1223 447 1350 506 stetua-

283 555 367 613 mus,
396 571 437 582 -
468 534 498 602 id
526 535 610 621 quod
639 539 780 604 omnino·
796 539 888 606 li'cerc
917 541 1053 623 videtur,
1086 566 1185 631 quum
1213 561 1349 617 solertia

281 665 348 709 sese
368 645 434 729 ipse
452 645 592 712 nominet
609 648 642 712 in
664 670 689 714 c.
711 649 781 714 127.
798 656 830 728 ⁸)
850 687 892 698 -
913 660 945 717 ct
965 673 1037 720 cum
1054 676 1207 740 ponamus
1223 657 1348 743 triginta

281 754 401 819 circiter
422 755 470 821 vel
497 757 699 842 quadraginta
731 759 821 824 annis
849 768 922 826 unio
946 779 1137 842 Msvaaaaimc
1162 778 1347 848 cmpopaiom

278 878 400 950 χάρισιν,
420 865 518 944 litut
537 868 720 956 Menippum
742 872 822 936 circe
841 871 891 938 ΟΙ.
910 870 1001 937 GLx
1018 871 1160 940 lloruissc
1181 874 1346 940 existime—

281 995 349 1041 mus
374 981 415 1054 0).
458 979 562 1062 litque
582 977 656 1043 haec
677 977 835 1047 hactenus.

363 1084 512 1151 Videmus
538 1094 670 1154 aetutem
695 1090 836 1177 Menippi
865 1114 929 1157 non
959 1092 1003 1158 ite
1029 1094 1135 1179 procul
1165 1091 1300 1158 abluisse
1326 1115 1344 1157 o
1446 1106 1447 1109 ’

274 1195 436 1280 juventute
456 1198 613 1278 Varronis,
634 1219 728 1285 quom
750 1201 957 1286 Hieronymus
978 1203 1011 1266 in
1031 1202 1147 1268 chron
1163 1202 1277 1268 Euseb.
1295 1201 1344 1268 01.

278 1302 412 1384 ccxvi,
427 1307 583 1375 illumne
601 1317 708 1376 netum
730 1331 798 1376 esse
815 1317 928 1376 narrat
952 1313 1059 1380 Potuit
1075 1314 1169 1398 igitur
1187 1331 1300 1378 reeens-
1313 1320 1344 1378 ct

240 1420 247 1427 ’
277 1414 464 1482 celebratum
489 1439 506 1482 a
537 1419 642 1485 multis
669 1420 847 1507 exemplum
871 1422 1012 1509 Menippi
1037 1424 1104 1510 ejus
1127 1423 1285 1507 ingenium
1305 1421 1342 1486 ed

243 1507 245 1514 ¹
276 1525 513 1592 aemulationem
535 1529 685 1607 excitare,
716 1530 749 1596 in
769 1551 832 1617 qua
856 1538 1017 1617 tantopere
1037 1533 1197 1611 excelluit,
1226 1540 1342 1598 utnon

274 1631 413 1712 dubites,
433 1635 509 1720 quin
527 1636 645 1702 Saturis
663 1641 857 1725 potissimum
878 1650 1030 1708 maturam
1052 1643 1186 1708 nominis
1204 1643 1341 1707 celebri-

274 1746 369 1806 tetem
393 1742 535 1810 debuerit
563 1747 661 1826 illem,
694 1770 787 1836 quam
812 1758 920 1835 postea
941 1753 1112 1819 innumeris
1132 1753 1200 1819 aliis
1221 1752 1340 1838 scriptis

344 1946 372 2006 8)
390 1949 485 2001 Verba
501 1953 581 2002 aunt:

410 2030 593 2100 „Hociesripc
611 2027 759 2102 δ’ίχοίραξα
778 2033 839 2091 τάδ’
855 2035 885 2093 ἐν
903 2037 1023 2096 ie'iaosca
1040 2038 1095 2110 πρὸ
1113 2038 1226 2110 τύμβου·

376 2111 476 2182 Γήρως
492 2111 547 2184 peip
563 2116 662 2184 γείτων
680 2113 821 2188 κᾶγγύθεν
836 2120 936 2177 Ἀίδεω.

373 2194 448 2252 irtio
464 2216 498 2266 με
514 2197 565 2254 τὸν
582 2199 677 2255 leiim
699 2203 746 2258 καί
764 2205 922 2279 πρεσβύτην
937 2207 972 2261 ct
988 2208 1148 2278 upocssaoiv

374 2281 497 2352 Χαίρειν,
513 2283 553 2347 εἰς
571 2288 661 2356 γῆρας
678 2283 784 2352 acinacie
802 2290 876 2345 iaceo
892 2290 984 2347 tritos.

340 2374 368 2429 ο)
387 2371 458 2422 iiiuc
476 2375 637 2427 eoumtandl
656 2383 722 2429 sunt
739 2380 786 2442 qui
802 2382 924 2431 aetatem
941 2383 1081 2446 Hermippi
1095 2387 1243 2447 smyrnaei
1257 2386 1337 2437 Peri-

268 2453 393 2520 patetici,
404 2456 451 2518 qui
463 2457 547 2509 vitam
556 2462 679 2525 Menippi
691 2464 862 2527 conscripsit
873 2467 923 2525 (cf.
935 2466 1019 2531 Diog.
1027 2470 1122 2519 baert.
1132 2470 1207 2535 tvl,
1221 2486 1244 2521 s.
1253 2470 1336 2533 litt),

269 2536 328 2587 iere
347 2537 422 2592 lutra
439 2540 482 2591 01.
502 2541 611 2596 (lxxx.
632 2550 662 2596 et
680 2547 722 2597 01.
744 2546 946 2600 (lxxxxviii
972 2553 1165 2604 collocandam
1188 2568 1255 2605 esse
1278 2558 1336 2605 sta·
1446 2587 1447 2596 κ

268 2621 390 2673 luerunt.
425 2624 473 2675 Sic
492 2628 615 2681 Vossius
638 2631 673 2681 ie
690 2631 797 2683 ilistor.
818 2634 868 2683 tir.
889 2648 917 2696 p.
931 2634 991 2698 aa,
1009 2637 1146 2689 sotiatus
1163 2640 1198 2689 (ie
1215 2641 1335 2704 scrippt.

267 2703 339 2753 iiist.
348 2706 453 2757 i’hilos.
468 2710 488 2759 1.
497 2712 533 2775 li,
545 2726 570 2763 c.
583 2714 619 2779 a,
638 2712 761 2767 clinton.
776 2718 809 2767 it.
826 2718 1191 2787 11.111,p.ele.,etAda1a.
1205 2725 1336 2788 cocynki
1446 2771 1447 2802 ἒ

266 2784 505 2853 inirr.iiermippi
520 2808 547 2855 p.
561 2796 647 2860 isqq.
666 2802 768 2858 (Bono.
786 2801 862 2851 1832.
881 2802 932 2863 8.).
956 2805 1069 2856 Emotis
1088 2819 1185 2857 ansam
1198 2810 1335 2870 praebuit,
1446 2807 1447 2810 ’

266 2868 391 2935 primum,
410 2875 483 2934 quod
508 2874 692 2942 Chrysippum
710 2884 845 2951 stoicum,
865 2900 945 2949 quem
965 2889 1007 2940 01.
1024 2872 1201 2942 (lxxxxiii.
1218 2895 1333 2944 mortem

268 2954 423 3014 oppetiisse
437 2960 551 3011 constat
569 2974 604 3011 ex
617 2964 700 3029 Diog.
715 2969 811 3019 naen.
824 2970 844 3019 Ι.
853 2972 930 3035 Vlii,
939 2986 964 3021 s.
973 2972 1042 3037 18⁴,
1054 2978 1223 3036 postrenum
1238 2988 1334 3029 eorum
1446 2991 1447 3030 l

266 3036 492 3101 philosophorum
502 3044 591 3097 unisse
600 3050 742 3117 putarunt,
754 3066 870 3115 quorum
877 3054 926 3107 iiie
937 3057 1013 3107 vitas
1027 3059 1213 3123 conscripsit:
1225 3061 1335 3129 deinde,
1446 3069 1447 3120 f

267 3124 340 3185 qrrod
357 3123 617 3195 Καλλιμάχειος
636 3136 800 3200 Hermippus
819 3139 934 3202 saepius
951 3144 1023 3204 apud
1040 3145 1210 3195 Athenaeum
1228 3149 1280 3205 (ci.
1298 3150 1335 3214 li,

264 3206 307 3257 ti.
331 3210 367 3273 V,
383 3210 443 3260 21³.
463 3213 525 3278 xv,
545 3216 619 3276 696.)
639 3218 750 3273 dicitur.
785 3225 846 3273 iioc
864 3224 936 3275 enim
954 3220 1112 3289 cognomen
1129 3240 1274 3291 perperam
1290 3232 1335 3283 in-

264 3294 411 3355 terpretati
428 3299 607 3351 autumarunt
622 3307 774 3367 propterea
788 3306 830 3357 ilii
847 3306 960 3359 luditum
978 3322 1058 3375 csse,
1082 3312 1155 3375 quor
1170 3311 1335 3367 Callimachi

262 3373 416 3453 discipulus
433 3380 527 3431 luerit.
554 3386 610 3436 sed
627 3386 728 3439 laisum
745 3392 776 3441 et
792 3391 870 3457 itini,
889 3395 919 3443 et
935 3395 990 3445 troc
1007 3395 1033 3445 si
1050 3397 1116 3459 puisi
1130 3396 1222 3448 vlico.
1248 3401 1335 3451 Nam-

263 3468 316 3518 que
334 3458 443 3511 dubium
461 3475 528 3513 esse
545 3473 726 3538 conpotem,
743 3474 808 3536 puin
824 3488 881 3527 noo
899 3476 956 3527 alia
971 3479 1006 3528 ie
1023 3492 1112 3531 causa
1129 3476 1333 3548 Καλλιμάχειος

262 3542 420 3602 appellatus
438 3547 603 3611 Hermippus
620 3550 719 3619 merit,
743 3570 824 3619 piram
838 3564 954 3625 propter
967 3560 1057 3613 Βίων
1073 3578 1202 3629 maguum
1218 3566 1288 3617 iilud
1304 3573 1334 3619 ct

261 3625 407 3689 egregium
432 3640 517 3697 opus,
545 3632 575 3683 ln
595 3647 649 3696 quo
668 3635 831 3693 callimachi
855 3646 949 3697 studia
967 3648 1124 3698 aemulatus
1147 3652 1280 3700 estante
1302 3652 1332 3701 in

259 3709 314 3759 hoc
334 3709 517 3775 tiomaphico
539 3729 645 3781 genere
666 3723 753 3787 longe
775 3727 943 3781 chrisalma
977 3732 1141 3796 scripserat
1156 3734 1229 3785 enim
1245 3735 1333 3787 calii-

259 3793 374 3843 maclrua
390 3793 473 3847 CXX.
487 3798 575 3852 libros
594 3800 750 3867 „lisseiaco
765 3807 822 3861 coia
839 3805 869 3861 ἐν
886 3808 962 3881 πάσῃ
979 3812 1095 3885 παιδείᾳ
1110 3812 1333 3882 temporinos

259 3868 306 3925 καί
328 3864 369 3926 civ
393 3873 602 3947 cevtypapavf‘
618 3914 653 3928 -
674 3890 742 3943 Pari
762 3898 845 3948 morio
866 3899 1022 3951 Varronem
1043 3901 1192 3963 superiore
1212 3902 1331 3953 vidimus

259 3959 351 4023 capite
366 3960 550 4031 menippeum
563 3970 666 4025 dictrrm
680 3978 781 4046 inisse,
795 3993 853 4031 non
869 3980 936 4043 auia
946 3982 1070 4048 iieaippl
1082 3984 1240 4049 discipulus
1258 3991 1330 4050 crat,

257 4044 309 4095 sei
324 4044 389 4109 qma
403 4047 492 4101 liures
507 4048 571 4117 ejus
586 4055 616 4107 in
630 4062 742 4113 saturis
760 4065 915 4117 aemulatus
932 4070 1004 4119 crat.
