2934 4750
336 291 531 338 siruamus
555 291 787 340 usurrrsuuuu
809 292 993 351 recrearas.
1141 277 1203 340 loe

511 464 584 514 bix.
626 464 823 518 musabum.

201 574 340 633 ‚mysteria
356 572 401 621 llio
419 572 516 631 obdita,
535 577 559 618 cl
577 575 680 620 seclusa
697 583 772 620 sacra
791 583 807 618 a
823 572 963 628 cognitione
981 573 1061 632 voigi,
1085 575 1202 636 desisse,

138 643 345 698 successioneque
359 644 385 688 ln
400 653 486 688 eorum
503 643 585 686 locum
602 641 722 700 fraudem,
740 641 866 700 malitiam,
883 641 954 688 betas
967 647 1035 688 aries
1050 648 1074 688 ei
1088 643 1202 705 institas,

137 720 238 762 courum
260 713 295 758 lle
316 714 390 767 piene
407 721 467 757 esse
492 709 587 767 omnia,
612 714 638 755 ut
655 709 897 774 prope-nibli'verl‚
921 709 1047 764 slmpllels
1061 712 1203 768 sincerique

135 776 159 822 ln
178 779 301 826 communi
317 779 443 826 bominum
460 776 512 822 vita
528 773 669 823 versetur.“
703 778 806 831 Popma
841 778 910 824 Unda
927 780 990 824 baec
1007 779 1132 833 condicere
1147 781 1202 827 viro

137 845 279 893 doctissimo
297 847 407 904 nouerit,
430 845 526 899 ignoro.
561 847 625 902 sed,
649 843 670 890 sl
689 844 830 891 memineris
847 855 913 900 quac
930 856 1008 900 supra
1023 846 1049 891 ln
1067 849 1201 895 comment.

135 913 195 968 cop.
214 916 259 972 lv,
281 926 305 969 p.
322 911 358 958 82
375 924 428 968 sqq.
452 913 483 957 de
501 913 582 959 studio
600 911 720 959 Varronis
737 912 763 956 ln
783 913 956 968 superstitione
975 918 999 958 et
1015 914 1083 960 inard
1101 918 1202 962 deornm

136 983 203 1026 cultu
226 982 391 1037 oppugnando
413 981 533 1041 culmus,
559 983 633 1036 pians
657 979 794 1039 contrarie,
817 981 917 1039 opinor,
942 981 972 1026 de
995 983 1069 1036 buius
1086 984 1141 1031 libri
1161 996 1202 1031 re·

134 1048 201 1096 tione
217 1049 260 1094 tibi
279 1051 420 1104 comestura
438 1049 491 1095 erit.

157 1163 186 1224 l.
221 1161 340 1242 Prisca,
363 1162 486 1228 horrida
509 1162 600 1228 silent
622 1161 723 1226 oracla
746 1180 873 1247 crepera
893 1161 926 1226 in
948 1162 1135 1230 nemoribus.

154 1271 185 1334 2.
218 1271 304 1338 Licet
323 1272 426 1340 videre
447 1272 561 1338 multos
584 1270 696 1336 cotidie
718 1270 821 1336 hieme
843 1270 875 1334 in
896 1270 961 1336 sole
983 1272 1120 1358 apricari.

156 1379 186 1444 3.
220 1381 390 1468 Vulpinare
410 1381 503 1446 modo
525 1388 557 1445 et
578 1401 726 1445 concursu
745 1379 894 1465 qualuhet
915 1401 1031 1446 errans.

158 1491 187 1553 4.
222 1495 285 1555 Aes
307 1491 503 1556 defraudasse
525 1509 712 1576 cauponem,
735 1490 845 1555 bovam
864 1489 931 1555 luto
950 1489 1115 1569 obiecisse,
1135 1513 1205 1557 cum

221 1599 372 1684 portitore
393 1620 509 1664 serram
532 1598 623 1664 dure.

155 1707 186 1771 5.
222 1707 283 1772 Sed
304 1708 362 1773 tibi
381 1715 512 1774 tortasse
534 1708 612 1774 alius
632 1706 720 1772 molit
740 1714 772 1772 et
791 1706 900 1794 depsit.

156 1814 186 1878 θ.
219 1817 281 1881 Init
298 1818 393 1903 virgo,
410 1817 497 1882 dosa
514 1816 627 1883 semina
644 1822 680 1881 ut
697 1815 863 1896 auferatur,
881 1838 961 1905 quac
978 1819 1054 1885 mihi
1072 1831 1203 1908 postea-

219 1947 312 2012 quam
335 1926 373 1992 ad
394 1927 587 1994 concordiam
607 1926 687 1992 diota
706 1935 754 1992 est
774 1965 827 1991 —.
897 1926 901 1934 ’

158 2035 184 2099 l.
217 2037 381 2104 Nascimur
408 2039 491 2103 enim
517 2037 661 2123 spissius,
699 2058 793 2123 quam
823 2040 1002 2105 emorimur.
1053 2039 1113 2104 Vix
1142 2041 1205 2108 duo

220 2143 362 2212 homines
382 2146 489 2211 decem
505 2147 663 2211 mensibus
680 2144 836 2210 edolatum
853 2167 952 2212 unum
966 2145 1103 2210 reddunt
1118 2168 1205 2231 pue-

220 2273 307 2318 rum:
342 2262 449 2318 contra
474 2274 536 2318 una
563 2252 739 2337 pestilentia
763 2259 817 2316 aut
843 2251 962 2317 hostica
987 2252 1068 2316 acies
1090 2263 1206 2338 puncto

222 2361 373 2450 temporis
390 2361 533 2428 immanis
555 2381 680 2426 acervos
702 2359 781 2425 lacit.

204 2490 229 2536 1.
264 2491 319 2551 Ap.
338 2490 410 2538 Non.
427 2500 454 2549 p.
473 2486 520 2553 li,
537 2486 562 2535 3.
581 2498 610 2534 v.
631 2482 771 2548 crepera,
796 2495 844 2534 res
862 2483 975 2547 proprie
994 2484 1097 2539 dicitnr
1114 2489 1206 2555 dubia,

137 2572 209 2622 rande
227 2574 256 2622 et
272 2572 469 2634 crepusculum
487 2570 590 2621 dieitur
607 2567 657 2619 lrrx
671 2567 755 2619 dubia
772 2571 801 2618 et
816 2581 901 2619 senes
919 2570 1056 2633 decrepiti
1072 2572 1154 2639 dicti,
1176 2574 1206 2624 in

137 2654 220 2706 dublo
236 2655 313 2707 vitae
336 2654 492 2707 constituti.
529 2650 680 2715 creperum
695 2654 812 2718 bellum,
840 2662 945 2717 anceps
963 2656 1075 2706 bellum.
1091 2683 1126 2695 -
1151 2670 1208 2710 oro

138 2740 215 2791 clam
235 2752 279 2791 cr.
295 2740 340 2789 ed.
355 2737 467 2790 novus.
489 2750 525 2787 ex
543 2737 603 2788 suis
624 2735 711 2788 codri.
748 2738 855 2789 oraclo
871 2739 918 2788 vel
937 2740 1064 2792 oraculo
1080 2741 1206 2805 reliquae

137 2826 200 2874 edd.
217 2848 253 2863 -
275 2822 401 2885 crepera
419 2822 536 2873 oracula
556 2822 644 2886 igitur
661 2822 834 2872 suntdubia.
869 2824 1144 2894 senec.00aip.11,
1177 2843 1204 2878 v.

137 2908 196 2962 ata.
213 2910 384 2975 „Responsa
398 2905 481 2958 dubia
495 2908 568 2957 forte
583 2906 718 2969 perplexa
731 2906 821 2957 lateat
833 2909 958 2972 Ambage
974 2922 1058 2976 nexa,
1070 2911 1205 2974 Delphico

137 3004 196 3043 mos
214 2995 260 3044 est
274 2994 336 3043 Deo
354 2994 467 3043 Arcam
485 2988 603 3056 tegere“
609 3005 619 3054 3
644 2990 759 3041 barrida
774 3004 845 3042 vero
863 2992 1007 3060 dicuntur,
1024 2995 1090 3057 quia
1105 2998 1207 3047 borro-

138 3089 195 3127 rem
207 3074 339 3142 lndciunt
355 3076 502 3128 mentibus.
539 3074 618 3140 Vlrg.
636 3077 705 3126 Aen.
724 3077 773 3140 VI,
792 3076 834 3126 98.
852 3077 989 3140 ‚Jalibus
1005 3091 1041 3127 ex
1059 3080 1147 3140 adyto
1165 3079 1208 3128 dl·

139 3160 193 3211 ctis
207 3160 331 3213 Cumaea
347 3161 456 3223 sibylla
471 3161 679 3211 Horrendas
703 3158 780 3208 canit
800 3160 934 3221 ambages
957 3163 1095 3223 annoque
1115 3172 1209 3213 remu-

138 3244 210 3309 gll“.
227 3271 260 3283 -
277 3245 310 3295 In
326 3244 487 3295 universum
507 3242 545 3291 cl.
563 3241 646 3291 etiarn
665 3240 726 3291 cio.
742 3240 777 3288 ‹ie
793 3239 886 3289 Dicin.
900 3242 929 3306 1,
950 3242 993 3289 19.

206 3330 233 3377 2.
267 3331 320 3389 Ap.
336 3328 408 3376 Non.
424 3340 451 3387 p.
470 3326 516 3389 iri,
537 3323 579 3373 ll.
596 3338 625 3373 v.
641 3320 785 3383 apricam,
805 3320 834 3370 ln
851 3321 949 3382 aprico
966 3334 1042 3372 esse.

208 3411 234 3459 3.
269 3412 321 3471 Ap.
338 3410 410 3458 Non.
429 3420 457 3469 p.
476 3406 524 3471 43,
549 3406 592 3455 bt.
616 3419 642 3454 v.
669 3403 816 3467 vulpinari
833 3404 936 3455 dictum
956 3409 1001 3457 est
1017 3407 1161 3458 fraudibus
1180 3412 1209 3459 ct

138 3492 293 3546 mendaciis
308 3504 404 3543 verum
418 3492 581 3554 pervertere
596 3488 643 3539 vel
658 3486 794 3553 effugere,
809 3487 912 3539 dictum
925 3492 960 3543 ab
975 3491 1085 3544 inrecto
1098 3495 1149 3544 sed
1164 3494 1209 3545 in-

141 3583 217 3631 torto
242 3578 365 3641 vulpiam
387 3588 482 3627 cursu
505 3602 540 3611 -
563 3585 650 3625 errae
669 3572 757 3624 codd.
792 3573 1209 3645 crraoecj.i1erc.‚1²opma,

141 3664 281 3715 Laurenb.
317 3662 416 3713 Recte.
450 3657 598 3722 vulpinari
617 3658 789 3709 Graecorum
809 3662 855 3710 est
869 3651 1055 3722 diuersitate.

210 3747 235 3797 4.
271 3750 322 3810 Αρ.
340 3749 411 3797 Non.
428 3759 455 3808 p.
473 3744 523 3801 24,
545 3744 588 3793 33.
604 3757 631 3794 v.
649 3742 809 3794 Portitorcs
829 3744 959 3797 ficantur
977 3747 1141 3814 telonearii,
1163 3747 1209 3810 qui

142 3835 252 3894 portum
272 3830 433 3882 obsidentes
450 3826 542 3879 omnia
559 3825 744 3877 sciscitentur
764 3830 792 3877 et
811 3841 847 3878 ex
865 3842 900 3879 eo
917 3831 1042 3895 vectigal
1060 3831 1210 3894 accipiant.

143 3944 176 3953 —
193 3928 355 3981 cauponam
373 3910 411 3979 cj-
426 3912 540 3964 (tenter.
560 3912 631 3962 Nov.
648 3913 791 3980 Lectvl,
805 3913 831 3962 6.
866 3914 969 3967 bonam
985 3919 1073 3968 Mero.
1108 3916 1210 3967 bocum

144 4002 277 4062 praebent
291 3999 379 4051 codd.
390 3997 481 4049 Guell’.
497 3996 635 4059 etliugd„
651 3992 690 4059 ej.
701 3996 787 4046 Turn.
802 4000 874 4047 Adv.
884 3999 947 4064 Vll,
964 4000 1019 4064 24„
1035 3998 1209 4062 prebeant.

146 4096 251 4137 aonam
266 4082 304 4149 ej.
322 4082 379 4135 alii.
416 4081 516 4149 abbam
533 4078 571 4144 cj.
590 4077 689 4143 Gujac.
706 4079 855 4133 observat.
873 4083 921 4147 xi,
938 4084 964 4132 7.
1000 4094 1136 4145 coponem
1152 4079 1210 4139 (sic
