2934 4750
333 313 529 358 aaronem
551 313 783 359 ummrnaxurx
805 314 988 372 xnnranan.
1135 303 1196 363 121

213 479 361 546 Furando
380 488 486 546 tamma
507 499 543 546 ae
564 478 673 555 montio
695 479 872 546 stimulatur
893 482 1012 559 eodem,

212 590 262 654 Ex
283 610 351 655 sese
372 590 438 676 ipse
460 587 578 674 aliquid
599 595 727 673 quaerat
747 598 898 676 cogatque
918 591 1028 677 peculi.

131 697 180 763 34.
333 699 442 785 Capite
463 704 570 784 aperto
592 717 659 762 esse
678 696 781 784 jubet,
802 707 872 764 ante
893 699 992 766 iucem
1015 700 1142 766 suscitat

216 807 346 892 Frigore
366 814 480 887 torret,
507 814 653 874 venatum
674 807 746 872 eicit
762 807 878 895 jejunio
901 810 1044 878 villicum.

130 917 179 982 35.
213 918 264 982 En
285 917 412 983 demum
434 925 556 1003 praeter
570 917 682 984 Matris
698 918 801 985 Deum
824 918 931 984 aedem
951 921 1083 988 exaudio
1104 944 1196 1010 cyrn-

214 1028 357 1092 baiorum
377 1027 519 1093 sonitum.

128 1136 182 1202 36.
216 1137 286 1203 Tibi
308 1145 434 1223 typana,
454 1158 517 1203 non
538 1137 638 1202 inanis
660 1135 780 1203 sonitus
797 1137 908 1203 Matris
929 1137 1032 1204 Deum

215 1245 372 1312 Tonimu’!
402 1246 540 1312 tonimus
558 1246 673 1313 tibinos
695 1245 752 1310 tibi
772 1266 855 1311 nunc
878 1246 1023 1325 semiviri,

214 1358 358 1423 Teretem
378 1377 498 1422 comam
517 1357 673 1422 volantem
689 1355 806 1441 jactant
823 1353 904 1420 Galli
924 1353 997 1420 tibii

129 1465 180 1530 37.
213 1467 366 1553 Phrygius
389 1487 446 1553 per
468 1485 537 1530 ossa
558 1486 671 1531 cornus
691 1462 809 1550 liquida
830 1463 912 1529 canit
932 1461 1048 1530 animat

129 1573 181 1642 38.
216 1576 298 1643 Cum
317 1576 371 1640 ilio
392 1583 502 1654 vento,
536 1575 627 1642 video
649 1573 810 1640 Gallorum
835 1572 1041 1660 frequentiam
1062 1574 1095 1639 in
1112 1582 1200 1641 tem-

216 1684 284 1770 plo,
315 1684 385 1770 qui,
418 1684 493 1749 dum
513 1683 546 1748 in
572 1684 680 1750 esseda
702 1704 847 1748 coronam
868 1682 1001 1750 adlatam
1029 1685 1202 1771 imponeret

216 1793 322 1859 aeditis
346 1793 448 1878 signo,
471 1794 608 1860 essedam
629 1801 661 1859 ct
678 1795 778 1859 Deam
798 1793 947 1879 gallantes
968 1795 1054 1861 vario
1074 1796 1199 1863 retine-

214 1903 330 1968 nehant
351 1903 462 1970 studio.

129 2013 181 2079 39.
213 2013 272 2080 Ubi
298 2013 405 2079 vident
430 2035 464 2078 se
497 2012 649 2079 cantando
674 2033 790 2079 exara
817 2022 979 2080 excantare
1007 2035 1071 2080 non
1101 2035 1201 2100 posse,

216 2122 356 2209 deripere
377 2122 536 2209 incipiunt

131 2234 180 2298 40.
212 2234 393 2300 Ruditatem
414 2253 454 2296 an
473 2232 625 2318 pudorem
648 2229 789 2306 Gaddm,
817 2229 919 2314 coepit
943 2229 1035 2308 mihi,
1064 2231 1202 2296 vereris?

131 2345 181 2410 41.
214 2345 297 2411 Nam
317 2355 405 2428 quae·
418 2347 564 2407 venustas
584 2339 634 2404 his
656 2337 744 2403 adest
765 2335 972 2422 gallantibus‘t

216 2454 308 2533 Quae
330 2457 414 2516 casta
433 2449 548 2515 vestis?
574 2454 659 2511 aetas
680 2467 760 2532 qnae
782 2444 1060 2511 adulescentium?

216 2563 307 2642 Quae
326 2559 443 2625 teneris
462 2556 601 2643 speeies?

132 2674 182 2738 43.
214 2674 258 2738 Ut
274 2669 407 2756 Najades
428 2666 599 2733 undicolae.

131 2782 184 2846 43.
216 2780 279 2846 Vix
300 2779 412 2863 vulgus
433 2776 575 2855 confluit,
596 2796 661 2841 non
681 2774 862 2852 Furiarum,
886 2773 939 2839 scd
958 2794 1125 2859 puerorum
1149 2781 1204 2837 at-

218 2910 280 2976 que
310 2887 504 2965 ancillarum,
539 2886 594 2973 qui
620 2906 728 2950 omnes
757 2906 806 2949 me
834 2884 928 2950 bilem
958 2892 1056 2949 atram
1088 2883 1204 2970 agitare

216 2998 408 3066 clamitantes
430 2996 608 3083 opinionem
630 2994 707 3061 mihi
733 2995 871 3061 insaniae
900 3015 986 3061 meae
1013 2994 1205 3061 confirmant.

134 3111 182 3173 44.
216 3111 370 3174 Forenses
397 3107 582 3185 decernunt,
613 3113 650 3170 ut
672 3106 871 3172 Existimatio
896 3126 1012 3171 nomen
1038 3124 1142 3169 meum
1172 3104 1205 3167 in

217 3219 399 3283 insanorum
418 3237 584 3283 numerum
603 3214 725 3279 referat.

134 3328 184 3393 45.
746 3320 807 3385 Sed

218 3435 285 3503 Nos
307 3432 398 3498 simul
420 3439 513 3517 atque
535 3430 567 3495 in
586 3445 738 3494 summam
761 3428 916 3514 speculam
936 3426 1141 3514 pervenimus,

217 3543 369 3611 Videmus
390 3540 539 3628 poputum
562 3538 665 3604 Furiis
687 3538 865 3605 instinctum
885 3537 985 3604 tribus

219 3654 388 3720 Diversum
411 3650 484 3717 ferri
506 3648 688 3715 exterritum
709 3648 882 3716 formidine.

137 3764 187 3829 46.
223 3763 328 3830 Tertia
355 3761 548 3840 Poenarum,
576 3758 722 3838 infamia,
754 3770 839 3827 stans
867 3782 946 3827 nexa
975 3759 1007 3825 in
1033 3759 1115 3844 vulgi
1142 3779 1206 3843 pe-

222 3881 324 3951 ctore,
355 3872 532 3949 fluctuanti,
568 3870 691 3936 intonsa
710 3891 813 3951 coma,
845 3870 969 3937 sordido
991 3869 1119 3945 vestitu,
1153 3887 1207 3931 oro

222 4000 339 4049 severo.

139 4093 189 4157 47.
223 4098 331 4179 Apage
351 4092 383 4156 in
404 4091 572 4157 dierectum
599 4113 616 4155 a
639 4091 730 4157 domo
757 4098 861 4157 nostra
882 4075 973 4155 istam
999 4079 1207 4152 insanitatem!
