2934 4750
344 329 539 375 renuuntur
561 331 791 376 ιιιιιιιιιιιιιιιιιι
813 335 995 390 ιιιιιιιιιιιι.
1139 318 1201 382 lss

142 462 146 475 κ
201 498 227 545 7.
263 495 502 564 Amnioniedd,
526 499 824 559 u-3'12·0d·1'¹¹i¹0}¹·
848 527 883 542 -
906 501 977 552 Vide
996 515 1049 553 nos
1068 517 1153 567 supra
1171 506 1198 556 in

137 580 316 632 Commentat.
334 580 473 646 Gon-111,
493 596 519 644 p.
537 583 578 630 66.

252 867 256 872 ’
351 868 491 919 xxxvll.
535 867 979 927 ΓΕΡΟΝΤΟΔΙΔΑΣΚΑΛΟΣ

203 965 499 1050 Γεροντοᾶιδάσιιαὶος
522 980 674 1025 vocobulum
696 977 806 1024 similiter
828 979 1006 1026 conformatum
1029 985 1101 1036 etune
1118 969 1198 1029 Ἀσω-

135 1033 350 1100 τοδιδάσκαλος,
370 1055 443 1097 ouem
460 1045 551 1092 Alexis
569 1047 686 1094 cominus
702 1045 805 1108 (Athen.
816 1045 967 1106 vlll,³36]
987 1047 1086 1096 tutulum
1104 1051 1200 1098 titulum

134 1107 237 1156 fenerat.
272 1103 565 1169 Γεροντοδιδάσκαλος
583 1113 771 1169 proverbialiter
789 1117 928 1169 opponatur
945 1115 978 1176 ts,
995 1117 1036 1171 qul
1052 1117 1144 1164 frustra
1160 1122 1198 1164 le-

134 1179 221 1222 norem
237 1177 354 1234 impendit
369 1177 395 1225 tn
414 1189 468 1225 rem
486 1192 569 1228 nemun
585 1187 609 1228 et
627 1181 833 1235 intempestivam.
869 1182 906 1228 ct.
922 1193 1040 1239 supter.
1055 1183 1099 1230 56.
1135 1189 1199 1231 ΜιιΙ-

135 1248 184 1289 tum
197 1243 279 1292 {uiue
301 1248 348 1292 nee
366 1250 458 1292 saturn
474 1249 611 1295 varronem
629 1244 656 1294 in
677 1255 790 1296 veterum
806 1251 972 1296 nomenomm
989 1252 1098 1300 meritus
1120 1258 1145 1297 et
1161 1254 1199 1299 ιιι-

136 1311 225 1359 stirmis
244 1316 467 1362 commemorandis
485 1316 566 1371 unque
585 1316 626 1363 sui
645 1315 703 1362 oevi
726 1317 815 1388 studiis
837 1322 910 1374 etque
931 1319 1007 1364 indoli
1024 1321 1199 1380 nomentanus,

135 1379 272 1435 fragmenta
292 1383 381 1428 testari
400 1383 522 1443 videntur.

157 1479 182 1543 1
215 1479 311 1544 Putes
332 1501 386 1545 eos
408 1501 472 1545 non
493 1481 584 1570 eitius
605 1481 697 1603 triens
718 1479 891 1559 Atellanos,
925 1501 1018 1568 quem
1041 1483 1072 1547 id
1095 1483 1199 1549 extri-

219 1594 400 1654 eatums..

154 1698 185 1760 2,
219 1697 346 1768 Manius
363 1695 486 1775 Curius,
502 1697 618 1776 consui,
634 1697 788 1784 Capitolio
806 1719 876 1766 oum
893 1699 1046 1766 delectum
1064 1699 1199 1780 haberet,

220 1826 278 1870 neo
299 1805 411 1892 citatus
435 1806 467 1869 in
488 1805 573 1874 tribu
593 1806 667 1873 civis
686 1809 910 1894 respondisset,
945 1807 1082 1876 vendidit
1103 1817 1199 1877 tene-

217 1913 367 1978 brionem.

154 2023 182 2087 3.
217 2023 285 2088 Hoe
305 2030 352 2088 est
375 2043 520 2109 magnum
543 2046 702 2091 censorem
722 2046 803 2105 esse,
825 2048 859 2092 eo
881 2049 944 2092 non
966 2027 1089 2094 studere
1109 2029 1198 2094 mui—

217 2139 266 2197 tos
287 2132 422 2198 aerarios
444 2128 551 2199 iacere.
768 2117 770 2125 ¹

139 2222 183 2305 Ι6.
216 2242 320 2308 Noetu
345 2242 630 2329 oultro'eoquineri
657 2265 690 2309 se
712 2244 846 2330 'trojeoit;
883 2242 1020 2308 nondum
1050 2244 1132 2306 enim
1155 2243 1199 2307 iili

219 2351 335 2417 inventi
356 2358 444 2417 erant
465 2335 596 2432 cultelli,
615 2352 812 2447 importnti'e
832 2350 984 2437 Bithynia,
1050 2424 1054 2432 Ι

154 2461 183 2525 5
218 2460 370 2539 Quotiens
400 2462 519 2547 priscus
554 2460 648 2527 homo
687 2484 722 2527 oe
757 2460 890 2528 rusticus
924 2462 1083 2525 Romanus
1120 2459 1199 2527 inter

218 2570 390 2636 nundinum
408 2570 537 2636 barbam
557 2571 692 2637 radebat

154 2679 183 2743 6.
216 2679 327 2745 Viilieo
347 2679 431 2765 quod
451 2677 568 2749 hebent
589 2681 662 2745 setis
685 2680 744 2746 sibi
766 2680 817 2745 vix
840 2686 951 2764 putant
974 2618 1102 2743 leutum

155 2787 183 2851 7
216 2788 328 2854 Utrum
345 2788 426 2853 oculi
445 2788 522 2852 mihi
542 2790 726 2867 caecutiunt,
746 2810 784 2854 an
805 2809 862 2873 ego
882 2787 944 2853 vidi
965 2806 1068 2853 servos
1088 2786 1120 2852 in
1140 2806 1198 2850 ar-

216 2900 274 2964 mis
295 2906 368 2965 eont
368 2919 402 2961 m
354 2898 589 2993 tdominos?
682 2896 688 2904 ’
886 2969 891 2981 s

151 3005 180 3071 8.
212 3008 348 3093 Raptae
369 3007 473 3071 neseio
494 3028 557 3093 quo
578 3008 716 3073 mulione
737 3008 869 3093 raptoris
891 3008 1019 3073 rumines
1039 2982 1164 3092 rumpit.

141 3115 181 3179 e
213 3115 273 3180 Sed
291 3116 385 3181 simui
403 3114 686 3182 menibustmhere
707 3115 818 3193 ianam,
840 3138 978 3181 necnon
1001 3117 1091 3181 simui
1114 3135 1196 3179 oeu-
1224 3192 1227 3200 Α
1254 3194 1257 3199 Δ

97 3202 111 3211 ”
214 3224 251 3289 lis
269 3212 437 3309 obseruare
459 3224 551 3288 oiiem
572 3224 666 3307 pultis
687 3243 731 3295 ne¹
748 3222 904 3293 aduratur.
1223 3206 1245 3228 ν

133 3332 180 3398 10.
213 3334 322 3399 Novus
341 3331 471 3395 meritus
487 3329 632 3394 tecitulus
649 3330 746 3396 urim
759 3329 1017 3393 uxorissolvebnt
1032 3327 1197 3409 cingulum.

133 3442 179 3503 lt.
214 3436 396 3502 Vehebatur
422 3457 492 3501 oum
518 3456 615 3501 uxore
645 3434 794 3501 uehiculo
826 3436 920 3499 semel
948 3444 1001 3500 aut
1031 3435 1078 3501 his
1106 3456 1196 3513 enno,

213 3568 285 3613 eum
308 3566 459 3625 arceram,
482 3546 507 3611 si
530 3566 592 3609 non
612 3544 720 3621 vellet,
749 3565 811 3609 non
825 3546 992 3612 sterneret.

134 3656 180 3719 m.
211 3658 285 3725 Non
302 3652 390 3722 vides
410 3656 491 3743 apud
512 3654 651 3721 Ennium
672 3674 740 3719 esse
762 3654 925 3740 seriptum:

215 3767 296 3843 „Ter
317 3764 376 3830 sub
395 3766 489 3831 ermis
512 3764 618 3860 malim
637 3764 732 3830 vitem
753 3784 888 3841 eernere,

216 3873 319 3952 Quam
342 3875 436 3939 semei
457 3874 550 3940 modo
570 3880 697 3959 perere“
715 3874 785 3935 -‘-?
868 3940 871 3947 ,
1106 3938 1110 3943 ,

137 3979 181 4044 13.
213 3980 349 4048 Conssuit
370 3984 536 4065 mulierum
559 3989 622 4046 tota
643 3982 757 4053 Romen
796 4002 874 4064 quae
897 3987 991 4045 noctu
1016 3978 1080 4042 iieri
1109 3975 1195 4039 initia

216 4092 303 4157 solite
321 4092 498 4159 etiamnunc
520 4091 612 4175 pinea
633 4073 688 4154 ier
704 4088 826 4155 indicet.
906 4102 908 4107 ·
