2934 4750
392 323 432 365 DE
458 321 668 368 ΟΗΑΙΜΊἛΙΒ
691 321 908 367 vuueuuuo.
1144 315 1187 379 83

113 491 176 556 lem
200 509 233 554 se
257 489 400 575 praebuit
421 489 454 553 in
477 489 708 566 Eumenuiiilus,
743 490 776 554 in
799 489 912 575 quihus
937 510 999 555 non
1025 515 1123 578 pauca
1148 501 1186 569 de

114 599 268 685 Phrygiae
284 598 370 664 Deae
392 597 496 675 sacris,
517 605 549 663 et
567 598 605 664 de
621 597 776 684 Serapidis
797 598 925 664 nurnine
945 599 983 665 ab
1001 603 1187 678 Alexandria

115 709 239 774 invecto
263 716 296 774 et
324 727 444 774 summa
474 707 693 794 superstitione
715 706 833 773 Romae
854 715 928 774 tunc
955 716 1103 799 temporis
1127 722 1187 787 coli

117 824 229 904 coepto
251 822 315 896 2⁷).
359 816 456 904 Cujus
479 816 510 881 in
532 816 583 885 dei
606 825 687 882 artes
704 817 916 897 veteratorias,
938 840 1017 906 quae
1037 846 1100 892 non
1120 851 1186 915 po-

116 936 219 994 terant
240 927 300 993 nisi
322 927 458 992 nummis
478 925 598 1006 redimi,
616 926 730 992 cadunt
753 926 846 1012 lepidi
866 926 911 994 illi
931 931 1088 1000 versiculi:

264 1039 404 1104 ·„llospeu
421 1037 486 1102 quid
503 1038 591 1090 mirus
608 1038 700 1090 uulmo
723 1050 825 1090 curere
841 1033 989 1101 seranni

272 1124 364 1190 ouidi
381 1130 463 1194 quusi
479 1143 536 1181 nou
554 1134 636 1182 curui
655 1128 789 1181 tantidem
806 1129 1009 1182 mammone

117 1227 149 1284 et
167 1219 246 1286 alter
264 1220 365 1286 locus:
385 1220 472 1305 „Ego
487 1219 640 1287 medicina
659 1218 768 1305 Serapi
785 1216 871 1284 utorl
892 1219 1031 1304 quotidie
1054 1245 1190 1308 precan-

117 1338 178 1394 tur.
221 1331 318 1396 Recte
341 1329 481 1414 intelligo
502 1330 651 1414 scriptum
672 1313 741 1394 esse
761 1327 907 1413 Delphis:
936 1343 998 1418 Θεῷ
1016 1337 1117 1416 'Haud‘
1136 1341 1190 1416 28)

205 1438 265 1504 Sed
286 1436 395 1504 dehis
417 1436 576 1503 hactenus.
619 1437 782 1524 Superest,
811 1445 861 1516 ut,
888 1437 1069 1524 priusquam
1098 1443 1190 1512 finem

116 1549 212 1635 capiti
233 1549 440 1635 imponamus,
458 1547 497 1612 de
510 1547 660 1612 Varronis
678 1546 741 1612 stili
760 1546 864 1610 colore
883 1553 923 1611 et·
934 1545 971 1611 de
989 1551 1108 1634 poetica
1127 1555 1192 1641 ejus

114 1657 267 1724 facultate
286 1656 437 1742 judicium
462 1656 669 1745 subjiciamus.
709 1656 797 1721 Hanc
818 1662 922 1722 autem
943 1677 1006 1722 non
1029 1659 1068 1725 de
1091 1663 1191 1744 trivio,

113 1768 186 1832 imo
214 1765 369 1851 egregiam
390 1765 485 1831 luisse
511 1789 574 1832 non
598 1765 707 1831 melius
729 1765 861 1831 arbitror
881 1765 937 1832 tibi
956 1767 1121 1854 probatum
1144 1774 1192 1853 iri,

116 1896 216 1964 quam
238 1875 265 1940 si
287 1876 428 1962 exempla
448 1875 567 1962 aliquot
586 1875 637 1941 hic
655 1895 844 1964 proponam,
871 1896 951 1962 quae
971 1887 1044 1963 peto
1066 1903 1104 1948 ex
1126 1882 1191 1950 Sa-

117 1985 201 2052 turis
227 1985 402 2072 Marcipore
430 1992 463 2051 et
488 1986 662 2054 Prometheo
689 1987 807 2052 Ludere.
857 1983 1000 2063 Quorum
1031 1988 1063 2054 in
1095 1992 1191 2058 altero

118 2095 193 2182 quis
213 2115 276 2160 uon
296 2093 466 2162 admiratur
487 2095 654 2180 imaginem
675 2093 867 2181 tempestatis
888 2102 952 2160 tam
973 2096 1049 2162 viris
1071 2100 1192 2166 colori-

118 2205 181 2270 bus
208 2225 399 2289 expressam,
430 2211 468 2269 ut
494 2204 601 2270 audire
627 2210 792 2269 ventorum
817 2202 959 2268 fremitus
986 2212 1018 2269 et
1045 2213 1192 2292 tanquam

120 2312 221 2380 emilis
243 2313 357 2381 nostris
384 2311 538 2398 subjectos
565 2332 634 2377 esse
656 2310 746 2377 nobis
768 2309 928 2377 videamur
954 2331 1025 2391 eos,
1059 2316 1113 2400 qui
1143 2316 1192 2383 illa

120 2432 314 2510 occupantur
335 2422 410 2489 dum
435 2441 564 2507 peregre
580 2427 669 2487 sunt:

325 2534 475 2599 „Repente
492 2531 586 2583 noctis
607 2528 723 2580 circiter
742 2528 866 2592 meridie,

329 2621 398 2674 cum
415 2622 508 2685 pictus
529 2632 580 2671 uer
597 2620 713 2671 fervidis
731 2620 791 2670 late
810 2619 921 2685 ignibus

120 2773 299 2839 quorundum
318 2783 506 2837 paganorum,
537 2772 586 2836 qni
607 2771 803 2837 praeiverant,
829 2770 947 2835 jndicio.
982 2774 1148 2841 intorques
1166 2783 1194 2831 et

120 2861 240 2912 Noster.
276 2854 365 2923 cujus
382 2857 476 2907 locum
494 2858 528 2907 de
545 2856 664 2922 Priapo,
683 2856 745 2921 qui,
763 2856 820 2907 nisi
836 2858 917 2909 fabro
934 2858 1019 2911 aliter
1033 2860 1136 2913 misses
1152 2864 1195 2915 vi-

123 2957 202 3008 sum,
228 2953 369 2991 scamnum
387 2953 454 2991 esse
468 2944 595 3005 poterut,
620 2940 787 2993 Lactantius
807 2945 835 2992 et
854 2942 904 2993 ulii
922 2944 1071 2995 adducunt.
1105 2950 1195 3001 sene·

123 3040 188 3078 cam
212 3037 282 3075 vero
307 3025 398 3076 libros
421 3038 457 3075 ea
482 3028 517 3076 de
542 3039 574 3077 re
597 3025 724 3091 integros
750 3024 917 3092 scripsisse,
945 3027 1025 3079 iidem
1044 3033 1194 3084 Ecclesiae

123 3112 261 3161 doctores
278 3112 399 3159 monent.
434 3108 525 3176 cujus
542 3110 570 3160 iu
588 3110 660 3160 huuc
676 3123 735 3161 rem
754 3113 903 3173 praeclara
920 3114 992 3173 apud
1009 3116 1194 3176 Augustinum

124 3194 241 3247 exstant
255 3194 337 3245 nodie
353 3196 519 3257 unguenta.
555 3194 835 3253 Quemadmodum
854 3198 889 3243 et
904 3194 1015 3245 Verre
1034 3196 1196 3247 festivis-

126 3279 227 3341 sime,
249 3281 282 3327 ut
299 3281 413 3327 ceteros
429 3277 566 3341 omittam,
583 3289 649 3326 non
668 3289 734 3327 uno
752 3277 835 3326 loco
853 3276 888 3325 ld
907 3276 1027 3337 egisse
1045 3278 1080 3328 iu
1096 3281 1196 3343 saty-

126 3364 180 3415 ris
200 3360 372 3411 videtur.“
391 3386 426 3396 -
447 3359 520 3408 vide
539 3372 610 3420 quae
627 3358 780 3421 disputavit
794 3359 865 3407 llud.
882 3360 1017 3409 Merelrel.
1036 3358 1064 3410 in
1085 3364 1194 3429 proleg.

127 3449 161 3499 ud
185 3444 268 3495 ovid.
289 3444 369 3493 Euat.
391 3458 417 3506 p.
438 3441 632 3493 cmxxxvul
654 3455 696 3505 sq.
723 3469 759 3480 -
788 3444 857 3492 Erat
875 3445 977 3493 flatura
994 3444 1132 3497 varronis
1151 3449 1196 3500 in-

127 3530 237 3593 scriptu
257 3528 423 3581 Pseudolus
436 3527 554 3593 Apollo,
573 3521 651 3590 napi
669 3523 763 3577 Θεῶν
779 3519 1020 3592 Ἀναγνώσεως.

198 3615 245 3672 ²¹)
263 3613 381 3665 Servius
397 3612 427 3663 in
438 3611 544 3675 virgil.
558 3613 629 3661 Aee.
644 3612 665 3661 l.
679 3611 757 3676 Vlll,
772 3626 801 3677 y.
817 3611 880 3661 698:
899 3612 1013 3677 „varro
1031 3616 1196 3682 dedignatur

129 3679 425 3752 Alexandrinorum
443 3699 548 3749 Rome
567 3696 632 3747 coli.
668 3698 798 3747 zouurus
821 3711 848 3760 p.
869 3697 929 3747 tut.
950 3703 979 3749 et
997 3702 1098 3752 sandes
1119 3718 1143 3753 s.
1167 3718 1194 3753 v.

128 3775 425 3849 Ἐγκατέσκηψανε
447 3808 482 3820 --
499 3808 534 3819 -
553 3774 621 3845 „Tic
641 3776 800 3845 Αἰγυπτίων
820 3776 894 3833 κακὰ
916 3777 952 3833 τὰ
977 3777 1007 3835 ἐν
1025 3782 1061 3851 τῇ
1079 3780 1197 3848 Ἀλεξαν-

131 3864 212 3937 δρείᾳ
225 3861 304 3917 πόλει
321 3860 508 3931 spartanos
525 3861 573 3917 uui
589 3863 625 3931 τῇ
641 3855 738 3930 Ῥώμῃ·
760 3857 901 3932 Οὕάῤῥων
921 3864 1038 3933 φησίν.“
1058 3896 1093 3907 -
1113 3874 1198 3921 Seru-

130 3952 205 4015 pirliu
222 3953 326 4005 coitum
343 3953 436 4002 Varro
453 3950 544 4003 illusit
566 3951 598 4001 in
618 3952 678 4001 Sat.
701 3944 966 4017 Σεραπαρήκτη,
989 3955 1020 4003 ut
1037 3952 1126 4016 ipsum
1145 3956 1197 4003 lrec

39 4089 40 4100 ,
131 4050 234 4087 nomen
250 4036 376 4087 indicere
394 4035 514 4087 ridetur.

202 4121 248 4179 ²⁸)
267 4120 390 4183 [Itomae
406 4120 488 4171 locus
502 4119 599 4171 exstet
614 4117 688 4169 ieter
704 4116 894 4169 Eumenidum
915 4117 965 4167 irr.
