2934 4750
289 227 333 287 40
671 240 776 284 enrur
799 239 976 283 susurrus.
1040 268 1042 271 -

222 463 236 483 .
254 494 258 495 γ
290 420 357 477 tum
376 409 442 495 ipse
463 407 618 494 praedicat
639 429 707 475 ossa
726 431 793 474 sose
813 422 905 490 „noun
918 421 967 475 ut
985 413 1076 475 aitte
1092 416 1191 476 ὅπου*
1231 407 1361 474 Constat

291 519 384 604 igitur
398 517 540 584 Santram
558 517 653 583 fuisse
674 532 858 601 Τρικάρανον.
901 517 967 583 Nec
988 515 1092 581 minus
1114 515 1154 582 do
1174 526 1275 584 unitio
1295 520 1361 605 ejus

290 628 346 694 tibi
368 628 537 705 constabit,
555 628 581 693 si
598 627 790 705 oonnderas,
811 625 996 713 ejuscemodi
1013 626 1118 693 libatio
1139 628 1360 694 eonsoribendo

290 738 381 804 unios
401 745 508 825 aptum
532 737 626 803 [uisse
651 746 788 823 tempus,
817 758 881 822 quo
904 735 1138 803 triumvirorum
1163 740 1360 824 conspiratio,

291 849 329 916 de
350 870 413 936 qua
431 848 520 927 soret,
542 848 607 935 ipsa
627 848 705 913 saeta
725 846 766 912 sit
781 851 844 925 η).
882 847 970 912 Hane
989 867 1063 912 vero
1084 846 1220 914 ineidora
1241 849 1274 914 in
1294 870 1359 915 au-

291 981 367 1026 num
385 981 412 1024 a.
429 960 465 1025 U.
486 958 558 1024 694.
581 958 614 1022 ἰιι
639 957 749 1041 vulgus
775 964 884 1022 notum
908 964 966 1021 ast

376 1073 422 1134 Ae
447 1069 510 1133 iere
539 1066 701 1152 peridem
723 1074 862 1152 tompus,
890 1087 954 1163 qino
984 1079 1222 1150 Τρικάρανον,
1250 1070 1359 1155 suspi-

290 1200 396 1245 camur
415 1179 508 1245 etiam
529 1184 723 1246 ‘renaudus
741 1174 884 1241 Saturam
901 1176 1046 1261 seriptum
1065 1196 1148 1241 esse:
1171 1198 1357 1264 quamquam

289 1289 328 1354 de
347 1288 405 1355 hnc
426 1288 553 1375 quidem
574 1285 720 1351 indicium
740 1286 843 1352 minus
864 1293 984 1351 eertum
1005 1294 1062 1350 est
1104 1287 1271 1372 Reperitur
1292 1288 1359 1352 sei-

290 1398 361 1464 liaet
378 1400 459 1465 inter
476 1398 567 1484 hujus
588 1396 718 1461 Saturae
737 1394 899 1482 reliquias,
933 1396 967 1461 in
988 1417 1050 1482 qua
1071 1397 1171 1460 Varro
1198 1397 1359 1482 praecipue

211 1578 213 1581 ,
290 1507 328 1574 de
347 1508 500 1594 equestris
519 1506 636 1572 ordinis
655 1504 831 1571 conditione
851 1505 1032 1571 disseruisse
1048 1504 1170 1571 videtur
1191 1511 1254 1583 13),
1271 1506 1358 1590 irag-

290 1625 429 1682 mentum
455 1617 526 1681 hoc:
554 1616 822 1701 „Apollonium
849 1616 915 1681 ideo
943 1617 1163 1691 excoriant,
1185 1617 1258 1702 quin
1283 1617 1361 1681 m'td

289 1726 431 1792 datm
451 1731 513 1803 ¹⁴).
557 1725 693 1803 Quinam
715 1724 809 1791 fuerit
829 1725 880 1790 hio
900 1724 1084 1811 Apollonius
1111 1725 1144 1789 in
1169 1725 1358 1811 incomperta

290 1842 351 1909 est;
374 1836 427 1902 sed
449 1835 536 1902 ratde
554 1834 718 1900 verisimile
739 1842 796 1913 ost,
816 1835 949 1900 eundem
971 1835 1075 1912 tuisse,
1096 1835 1149 1921 qui
1170 1835 1202 1899 iu
1224 1833 1358 1901 Cinoru-

290 1944 400 2009 nianae
420 1945 578 2031 Epistulas
595 1944 649 2021 (ad
663 1949 728 2009 Ata
748 1946 802 2022 lv,
824 1944 867 2022 7.)
890 1944 1068 2009 obscuriore
1085 1945 1152 2009 loeo
1168 1954 1359 2012 memoratur

291 2052 374 2118 hisce
401 2053 515 2119 verbis:
547 2055 613 2130 „De
637 2054 842 2140 Apollonio
867 2054 947 2142 quod
973 2055 1097 2130 scribis,
1128 2056 1195 2142 qui
1220 2055 1284 2118 ini
1305 2055 1361 2118 dii

290 2163 407 2228 irati!
425 2164 542 2230 domani
553 2164 678 2240 Graeco,
692 2166 748 2250 qui
762 2164 940 2228 conturbare
956 2164 1075 2251 mdes
1086 2175 1174 2250 putat
1189 2164 1250 2228 eidi
1263 2165 1359 2237 licere,

289 2273 386 2360 quod
401 2302 404 2312 ·
419 2275 611 2362 equitibus
644 2274 847 2339 Romanis:
889 2295 962 2339 nam
991 2275 1145 2339 Terentina
1179 2296 1234 2338 sno
1260 2275 1358 2358 jure.“

290 2381 409 2468 Quodsi
434 2384 484 2450 hic
511 2386 596 2450 loeus
622 2406 640 2449 a
665 2384 754 2449 nobis
779 2393 862 2450 reete
879 2385 994 2449 retatus
1012 2392 1060 2449 est
1081 2384 1119 2448 ad
1139 2383 1190 2448 iiia
1212 2384 1359 2449 Varronis

288 2494 396 2572 rerba,
417 2515 514 2580 quum
534 2493 692 2560 Ciceronis
712 2495 853 2581 Epistola
873 2494 985 2580 scripta
1005 2495 1045 2560 sit
1071 2515 1154 2560 anno
1173 2514 1200 2559 a.
1221 2494 1258 2559 U.
1279 2492 1358 2568 698,

288 2600 323 2667 C.
342 2603 475 2668 lentulo
495 2604 678 2669 Maroeilino
698 2610 731 2668 et
747 2604 781 2669 1..
797 2604 916 2669 Marcio
931 2604 1074 2689 Phiiippo
1094 2603 1188 2679 Coss,
1210 2603 1358 2688 seqnitur,

288 2718 477 2779 ἰπποκόνα
497 2712 638 2778 Saturam
660 2713 725 2778 iore
745 2712 783 2777 ad
804 2712 886 2778 idem
906 2721 1030 2801 tempus
1054 2714 1257 2799 eonsoriptam
1284 2734 1358 2789 esse,

289 2836 352 2901 quo
373 2830 603 2900 Τρικάρανος.
620 2867 654 2877 -

375 2924 514 2990 Tertium
538 2929 621 3013 quod
647 2931 742 2995 affero
761 2930 870 2994 aetatis
892 2929 1072 2996 Saturarum
1090 2930 1237 2996 iudicium
1260 2953 1358 3019 repe-

287 3032 364 3098 risse
388 3033 464 3099 mihi
483 3036 588 3103 videor
609 3038 690 3104 inter
706 3039 851 3125 reliquias
866 3040 1003 3119 Saturae,
1022 3041 1071 3106 cui
1091 3041 1271 3127 inscriptum
1293 3049 1359 3107 erat

286 3142 452 3223 Serranus,
480 3160 557 3230 περὶ
574 3156 821 3233 traxeramus.
866 3148 987 3216 Gitatur
1009 3150 1094 3215 locus
1117 3150 1199 3236 apud
1220 3151 1358 3216 Nonium

287 3273 315 3337 p.
339 3254 415 3334 137,
437 3255 467 3320 3.
495 3255 541 3321 ed.
565 3260 661 3324 Mera.
684 3281 707 3324 s.
735 3282 762 3325 v.
790 3260 935 3336 ,Mauors
957 3280 1014 3345 pro
1035 3271 1164 3326 maere.“
1185 3297 1227 3308 —
1249 3297 1292 3306 -
1317 3297 1357 3307 -

287 3362 608 3442 „Nosterdtticus
624 3368 766 3433 rivulis
782 3370 894 3446 domo,
916 3371 1002 3435 item
1022 3372 1139 3436 lectus
1155 3371 1194 3435 in
1212 3371 1358 3434 ceriam

284 3490 435 3538 mucore
466 3475 717 3539 maeeseedat‘
750 3482 812 3553 ιδ).
871 3476 994 3556 Quibus
1026 3480 1129 3545 verbis
1165 3499 1229 3543 non
1262 3478 1356 3543 alium

358 3608 402 3665 ¹¹)
422 3606 570 3659 consentit
588 3612 622 3660 R.
639 3613 766 3663 Merekel
784 3615 813 3664 ln
836 3615 966 3679 proregg.
989 3618 1024 3667 ad
1049 3616 1129 3667 ovid.
1146 3616 1225 3667 Fast.
1246 3629 1274 3677 p.
1300 3615 1355 3664 CX.

287 3690 393 3749 (Berol.
410 3690 502 3752 1⁸41.)
904 3728 908 3735 .

234 3791 239 3797 ·
333 3820 339 3829 .
358 3775 402 3834 ¹⁸]
422 3774 464 3826 Gt.
482 3779 554 3827 Gall.
570 3781 603 3829 N.
621 3783 656 3830 Δ.
674 3781 724 3845 111,
750 3781 791 3831 18.

357 3858 401 3918 ¹⁴)
419 3862 550 3912 Servavit
564 3864 748 3927 fragmentum
763 3868 835 3916 Non.
854 3881 880 3929 p.
899 3868 943 3932 tt,
960 3868 1002 3917 29.
1018 3868 1062 3917 ed.
1082 3869 1172 3917 Mero.

356 3943 399 4003 ¹⁵)
417 3944 465 3995 sio
483 3946 554 3996 eninr
569 3948 716 4011 legendum
735 3953 789 3999 est.
818 3952 852 4001 v.
870 3964 923 4003 uos
942 3952 1067 4004 intrant
1086 3952 1136 4003 [ιτ.
1150 3954 1271 4002 saturne
1285 3951 1354 4001 Ser-

285 4030 355 4079 rant
372 4043 401 4080 π.
419 4022 618 4096 Ἆρχαιρεσιῶν.
