2934 4750
280 247 345 310 tto
430 240 433 249 '
619 266 651 305 ιι.
675 261 827 306 rnarnru
851 261 1008 306 ιιιιιιιιιιι

353 432 393 482 ιι.
430 433 481 493 Ap.
496 432 567 482 lion.
586 445 612 492 p.
630 429 695 492 tto,
711 430 737 477 ι.
754 443 784 478 v.
800 429 952 478 Maeander
968 430 1015 476 ert
1029 425 1156 488 pleturae
1174 435 1282 492 genus,
1300 426 1352 476 ad-

282 515 366 566 simili
383 527 468 577 opere
485 514 707 576 labyrinthorum
726 515 835 578 ortum,
862 510 1011 564 olrvioulls
1027 510 1183 575 inligatum.
1208 535 1244 547 -
1268 508 1348 572 llspe

282 592 447 665 εχοντιὶριαιι
464 597 535 649 mibi
563 600 607 648 ed.
629 597 738 648 noviss.
762 601 791 647 et
810 599 899 646 Mero.
946 589 1073 660 περιέχον
1093 587 1146 658 τὴν
1165 592 1252 658 γαῖαν
1272 595 1348 662 lum,

281 684 421 735 Laurenb.
457 672 476 746 ἢ
490 675 621 746 περιέχον
636 676 842 746 supraponetur
860 684 906 739 (ιιι
920 680 958 730 ιιι
975 679 1049 730 tituli
1065 681 1163 740 parsi:
1180 678 1257 730 illibi
1273 679 1348 728 soal.

281 769 318 818 ad
334 767 412 818 llest.
430 778 457 826 p.
474 764 535 816 iar.
552 766 596 816 ed.
615 765 740 816 [alodem.
793 758 856 828 περι
874 757 985 828 ἔχοντος
1001 760 1144 828 ταριχείας
1161 766 1206 822 (ιιι
1223 763 1262 812 sit
1281 773 1350 824 pars

281 851 385 910 tituli):
409 848 485 899 litia·
503 849 621 914 l’opma,
639 847 722 914 cnjus
740 847 784 898 bio
801 849 889 898 verba
906 849 1076 911 sequuntur:
1112 847 1176 911 „lta
1194 847 1297 897 babent
1313 845 1350 895 ll-

282 935 325 986 bri
341 932 462 996 antiqui,
480 945 551 994 quos
569 934 641 984 varii
657 933 737 982 varie
754 931 933 994 interpolant.
968 931 1157 982 Emenderlm:
1187 925 1258 993 Περι
1275 923 1348 993 ἔχιν-

281 1033 331 1076 τος
353 1011 390 1066 τὰ
411 1011 500 1079 eripio
519 1010 625 1080 μύχους
657 1017 776 1079 elegans
798 1014 837 1076 (ι)
860 1015 1033 1078 periphrasis
1056 1014 1170 1064 teotorii
1190 1012 1347 1076 conclavis,

282 1097 366 1166 eujus
383 1099 491 1163 lanies,
509 1098 612 1166 inquit,
628 1103 674 1150 est
688 1100 812 1163 ¹implexo
829 1105 858 1150 et
875 1099 1008 1150 distinete
1026 1099 1123 1160 parvis
1139 1097 1273 1148 iusltloils
1291 1101 1349 1146 tes-

282 1184 369 1249 sulis,
391 1188 447 1234 tum
462 1183 574 1246 pletura
589 1183 667 1234 orbis
685 1188 779 1235 terreo
798 1185 944 1234 adornata.
979 1183 1028 1234 sio
1045 1183 1117 1234 onim
1132 1183 1279 1247 legendum
1296 1193 1349 1232 re·

282 1271 332 1321 dio
344 1271 482 1334 pionpant,
510 1282 563 1330 pro
579 1270 654 1319 adeo
673 1264 823 1333 dapeos‘fi
858 1267 975 1334 Dubito,
1006 1281 1042 1319 an
1060 1269 1114 1318 boo
1132 1267 1253 1330 Popmae
1272 1277 1350 1316 oam-

281 1357 374 1403 mento
392 1353 457 1415 quid
473 1353 595 1414 ineptius
615 1351 775 1416 excogitari
794 1351 929 1413 potuerit.
965 1351 1167 1415 corrigendum
1181 1354 1246 1402 'eret
1264 1349 1351 1415 Περι-

280 1433 397 1504 χονιριᾴ
414 1437 478 1488 mibi
494 1436 593 1488 iacies.
630 1433 775 1500 Xoodpioio
791 1439 836 1486 est
854 1437 985 1498 polentae
1002 1437 1049 1486 vel
1066 1435 1158 1486 alioue
1172 1437 1348 1499 globulorum

280 1519 372 1572 instar
389 1533 474 1587 esse,
501 1526 530 1571 et
547 1519 650 1570 iestive
666 1525 818 1582 usurpatur
837 1521 871 1570 de
888 1520 963 1570 faeie
980 1519 1151 1570 variolarum
1168 1519 1348 1569 oioetriolbns

280 1601 386 1666 insigni
406 1608 456 1655 aut
476 1605 558 1669 rugis
580 1605 758 1675 persulcata,
789 1604 928 1667 planeque
949 1604 1078 1654 similiter
1100 1601 1239 1669 ejusmodi
1258 1603 1348 1654 moles

281 1688 405 1738 solemus
422 1688 515 1738 fauete
535 1688 644 1738 dicere:
675 1688 931 1752 llrbsengesioliter
948 1689 994 1739 vel
1011 1687 1296 1752 (iraupeugesiobter.
1314 1713 1348 1724 -

280 1772 430 1822 maeandr.
455 1774 485 1821 et
507 1772 660 1822 mamiato
690 1769 778 1821 Godd.
829 1773 979 1824 moeotide.
1003 1776 1032 1824 et
1052 1762 1267 1824 ammiculante
1282 1774 1347 1821 ante

280 1857 386 1918 itero,
403 1855 494 1918 soal,
511 1854 780 1918 beurenb.,1lousu
793 1855 908 1918 aliique.
943 1858 1016 1908 odeo
1033 1859 1115 1923 lupen
1132 1858 1177 1907 ed.
1192 1856 1300 1908 noviss.
1320 1857 1348 1904 et

280 1939 370 1988 Mero.
414 1939 515 2002 irpeas
538 1941 604 1988 ante
626 1939 714 1989 Mero.
766 1941 882 2004 otopeoa
899 1954 954 2005 mg.
970 1943 1054 2005 lun,
1083 1942 1238 2006 tamenn,
1271 1939 1346 1990 seul.

279 2025 401 2088 ptapeor
418 2018 457 2086 oj.
474 2022 593 2086 Popma,
611 2023 718 2072 Itousa.
752 2026 855 2089 piapen
875 2021 912 2090 cj.
930 2026 1012 2075 llotlu
1048 2025 1144 2075 lieete.
1162 2025 1255 2072 --lle
1272 2035 1349 2072 mae·

279 2108 382 2171 andro,
398 2105 526 2167 picturae
544 2119 666 2172 genere,
684 2122 710 2156 v.
728 2106 860 2169 interprr.
878 2110 913 2159 ad
931 2109 1128 2160 Fest.·l’aull.
1146 2121 1170 2157 s.
1187 2122 1214 2156 v.
1230 2109 1349 2157 Maean*

280 2192 367 2242 drunu
385 2215 419 2229 *-
435 2190 583 2243 flententia
599 2190 748 2254 magmentl
764 2193 848 2253 plana
863 2195 916 2242 est.

349 2274 392 2324 1⁵.
423 2275 477 2336 Ap.
494 2276 565 2325 Non.
584 2287 610 2336 p.
628 2275 676 2338 27,
700 2275 744 2324 ιι.
762 2289 790 2324 v.
813 2276 962 2341 llxodium,
987 2302 1023 2318 -
1039 2274 1111 2328 finls.
1132 2301 1166 2314 -
1181 2287 1295 2341 narra,
1315 2275 1348 2324 ut

282 2359 371 2409 llere.
389 2360 419 2409 et
437 2359 481 2409 ed.
499 2358 607 2410 noviss.
625 2363 675 2420 (ex
695 2358 763 2410 God.
780 2360 897 2419 (duell-J.
933 2371 1072 2429 narrare,
1089 2363 1123 2413 ul
1137 2360 1215 2426 Ald,
1233 2360 1345 2424 Popma,

281 2444 356 2493 soal.
374 2445 404 2492 et
419 2442 486 2493 (lod.
504 2444 594 2506 bugd
628 2455 773 2509 narrare,
793 2446 834 2495 od
851 2447 935 2496 ruod.
954 2448 1092 2498 Lauronb.

346 2528 390 2577 it.
424 2529 476 2589 Ap.
492 2528 564 2577 Non.
583 2541 611 2589 p.
629 2526 694 2591 tut,
714 2529 739 2577 8.
758 2544 784 2578 v.
803 2529 997 2581 incrustatum.
1015 2556 1049 2568 -
1065 2529 1216 2581 crustatus
1232 2528 1276 2577 ed.
1294 2538 1346 2575 no-

281 2610 349 2661 viss.
398 2613 546 2663 cruentos
567 2612 647 2677 «lun,
674 2614 762 2662 Mero.
806 2616 988 2665 incrustator
1012 2615 1167 2679 irenreut,
1194 2615 1223 2662 et
1245 2612 1345 2673 probat

280 2694 400 2745 Freuud.
420 2694 515 2745 inlex
541 2696 590 2745 lat.
608 2708 631 2744 s.
649 2709 677 2745 v.
697 2695 856 2748 crustatus.
894 2700 1021 2751 crustati
1039 2698 1154 2760 Popma.

349 2778 389 2827 17.
424 2781 477 2840 Ap.
494 2781 565 2830 Non.
579 2793 607 2841 p.
621 2779 670 2845 ts,
689 2781 730 2830 26.
749 2796 774 2831 v.
791 2782 914 2845 Elixum,
932 2782 1062 2845 quioquid
1079 2794 1115 2832 ex
1132 2792 1205 2843 aque
1223 2778 1346 2829 mollitur

280 2862 327 2911 vel
344 2861 524 2925 decoquitur3
559 2876 622 2914 nam
638 2865 724 2914 lixam
743 2878 843 2928 aqltam
866 2868 978 2916 veteres
1001 2877 1068 2917 esse
1088 2864 1230 2927 dixerunt3
1266 2867 1296 2914 et
1317 2877 1344 2926 p.

279 2944 346 3007 488,
362 2945 387 2993 8.
406 2959 433 2994 v.
451 2947 539 2996 llumo
558 2961 609 3010 pro
627 2950 717 2998 bumn.
733 2974 767 2983 -
788 2950 872 2999 Turn.
887 2951 956 2999 Adv.
975 2952 1042 3017 XV,
1064 2950 1233 3001 bludunam
1251 2948 1346 2999 iuuere

237 3019 253 3057 '⁸
281 3029 331 3089 (cl.
353 3031 496 3078 nostrum:
515 3029 579 3081 eine
593 3032 696 3082 Pldtze
712 3034 841 3091 macheu)
859 3034 1060 3096 interpretatur
1075 3046 1139 3095 per:
1156 3032 1229 3083 buml
1245 3044 1346 3094 optram

279 3113 403 3164 fundere.
440 3112 530 3165 Aliter
545 3116 664 3177 Popmu:
696 3118 780 3181 „Non
796 3120 894 3183 audes,
912 3118 1010 3184 inquit,
1028 3118 1056 3167 ln
1073 3116 1229 3180 pavimento
1247 3116 1346 3165 laoere

279 3198 424 3262 lacunam,
450 3198 479 3247 iu
498 3211 579 3260 quam
595 3211 727 3262 aquamm
747 3199 899 3251 effusiones
922 3202 1097 3268 deriventur,
1129 3204 1158 3250 at
1174 3199 1203 3249 in
1220 3200 1299 3265 molli
1317 3202 1345 3249 et

280 3282 361 3344 quasi
383 3281 519 3334 investita
539 3285 621 3335 bumu
642 3286 757 3335 calceos
775 3286 847 3337 ineis
865 3286 971 3337 elixos:
1004 3300 1058 3350 quo
1077 3284 1144 3336 nibll
1165 3288 1343 3346 potestesse

278 3366 313 3416 ab
329 3365 470 3429 elegantia
489 3370 518 3417 et
535 3368 694 3419 urbanitate
710 3370 799 3433 magis
818 3370 970 3421 alienum“.

321 3443 326 3450 ”
345 3448 388 3497 18.
422 3450 474 3510 Ap.
489 3451 560 3501 Non.
576 3468 602 3516 p.
619 3453 662 3518 te,
680 3453 721 3502 1³.
742 3469 766 3505 v.
785 3452 974 3505 suffundatum
989 3452 1091 3503 dietum
1107 3455 1153 3501 eat
1169 3447 1341 3515 subjeetum

279 3530 415 3581 diotuma
432 3532 617 3587 fundamentis
644 3562 680 3573 —
700 3539 802 3588 utom.
820 3539 898 3601 ιιι,
926 3539 1016 3602 soal,
1048 3538 1179 3586 [laurent
1194 3569 1203 3600 ,
1231 3534 1342 3595 Popma.

277 3616 493 3680 leonton,
519 3620 633 3681 Popmo.
679 3621 824 3683 lapiditate
841 3620 907 3686 ruffi
926 3620 1011 3687 codd.
1032 3620 1171 3684 Meroeri,
1203 3619 1295 3669 Guell.
1315 3620 1343 3667 et

277 3700 383 3764 bugd,
406 3701 480 3751 Ιοιιι,
519 3703 668 3767 lapidibus
685 3705 762 3769 ιιι,
786 3708 943 3771 Laurenb„
969 3705 1089 3769 Pop-a,
1110 3704 1189 3767 prob.
1209 3706 1296 3754 llere.
1315 3704 1343 3750 et

277 3784 441 3834 uteorum
461 3786 517 3835 lex.
536 3800 561 3835 s.
577 3802 603 3837 v.
623 3785 812 3839 suffundatur.

344 3867 387 3917 19.
421 3871 472 3930 Ap.
492 3871 562 3920 Nou.
579 3885 606 3933 p.
623 3872 690 3938 tlt,
710 3873 751 3922 17.
774 3872 968 3923 murmurium.
991 3900 1020 3911 -
1047 3871 1089 3922 ct.
1106 3871 1189 3921 Vm.
1207 3872 1240 3920 l..
1258 3871 1292 3920 ιι.
1308 3869 1342 3931 V,

277 3950 353 4002 teu:
387 3951 563 4017 „Praeterea
584 3959 646 4007 erat
666 3955 776 4007 tertium
795 3968 885 4019 genus
901 3970 1015 4009 mensae
1035 3960 1065 4009 et
1082 3955 1236 4019 quadratae
1258 3964 1344 4003 vaso·

275 4048 350 4099 rrum,
376 4038 508 4087 vocaturn
525 4039 713 4102 ornanum,
741 4040 814 4102 quod
832 4052 918 4091 urnas
937 4054 1000 4093 oum
1017 4052 1090 4104 aqua
1107 4038 1219 4103 posttea
1235 4036 1274 4089 lbi
1290 4048 1342 4099 po-
