2934 4750
186 221 190 228 ’
279 229 342 291 m
619 248 652 288 u.
675 247 828 291 rsusnrn
851 246 1009 291 runcum

372 414 527 482 Coronam
547 434 586 478 ex
608 433 685 478 auro
703 420 735 478 et
756 413 885 498 gemmis
906 412 1074 498 fulgentem
1094 413 1182 498 gerit,

362 525 446 589 Luce
467 523 569 589 locum
590 522 733 588 alliciens.

281 632 329 698 to.
363 634 449 718 ,Ego
468 633 629 711 medicina,
647 633 764 719 Serapi,
783 631 887 698 utorl“
907 631 1018 699 cotidie
1038 640 1211 720 precantur.
1246 635 1346 700 Intel-

366 743 451 829 lego,
474 751 557 810 recte
577 743 725 828 scriptum
748 764 815 808 esse
833 744 977 829 Delphis:
1008 761 1088 814 ΘΕΩ
1101 761 1183 812 ΗΡΑ.

278 852 334 917 r'l.
370 854 491 939 Hospes
514 852 588 939 quid
611 852 704 917 miras
726 853 829 917 animo
852 874 959 920 curare
981 852 1142 938 Serapim?

406 962 513 1043 Quid‘l
544 962 633 1050 quasi
655 983 719 1027 non
741 969 828 1028 curat
848 963 997 1029 tantidem
1017 961 1222 1028 Aristoteles?

281 1071 329 1139 18.
363 1074 398 1137 In
422 1073 538 1138 somnis
559 1073 657 1152 venit,
689 1073 778 1159 jubet
800 1094 849 1139 me
869 1095 975 1161 cepam
999 1094 1066 1140 esse
1089 1080 1121 1139 et
1140 1072 1221 1139 vesci
1244 1074 1345 1140 cumi-

367 1202 451 1248 num.

282 1291 331 1357 le.
367 1292 416 1357 Tu
441 1315 503 1358 non
531 1292 668 1358 insanis?
695 1329 736 1338 —-
763 1313 826 1378 quo
854 1292 910 1358 tibi
938 1293 1011 1359 vino
1038 1311 1150 1378 corpus
1179 1290 1345 1377 corrumpis

364 1403 473 1467 mero?

278 1510 330 1576 20.
363 1511 454 1579 Nune
475 1510 512 1577 de
532 1521 580 1590 te,
604 1513 718 1599 inquit,
741 1511 951 1578 meliusculam
971 1531 1058 1598 spem
1080 1508 1193 1588 habeo,
1211 1510 1266 1596 qui
1286 1530 1344 1576 rem

365 1621 595 1708 spurcissimam
617 1630 742 1707 gustare
765 1623 927 1689 noluerim.

280 1730 332 1794 21.
369 1731 447 1795 Mox
468 1751 566 1796 unum
589 1731 687 1797 credit
706 1731 789 1797 lerro
813 1753 845 1797 se
867 1731 993 1797 caedere
1016 1729 1147 1807 Ulixem,

365 1838 445 1905 Cum
465 1839 617 1904 hacchans
637 1840 744 1907 silvam
767 1842 866 1907 caedit
887 1860 1060 1928 porcosque
1082 1838 1222 1904 trucidat,

280 1947 332 2011 22.
368 1946 453 2027 Quid
475 1946 636 2027 dubitatis,
666 1957 773 2017 utrum
795 1972 877 2017 nunc
899 1950 965 2017 sitis
987 1948 1198 2033 cercopitheci,

367 2062 418 2122 An
442 2057 602 2136 colubrae,
624 2078 663 2123 an
685 2059 795 2127 beluae
817 2061 855 2126 de
877 2059 989 2127 Albuci
1012 2058 1108 2124 subus
1129 2057 1282 2124 Athenis?

280 2165 331 2232 23.
364 2168 569 2254 Empedocles
591 2177 681 2235 natos
702 2170 845 2236 homines
865 2178 1006 2235 exterra
1029 2168 1073 2233 ait
1089 2176 1126 2233 ut
1146 2167 1265 2233 blitum·

279 2275 330 2339 24.
364 2278 474 2364 Neque
500 2278 654 2345 lurentem
683 2281 824 2347 eculeum
845 2280 1065 2346 Damaerinum
1088 2278 1214 2344 insanus
1242 2278 1346 2365 equiso
1456 2357 1457 2362 ἵ

365 2410 404 2453 ex
426 2382 542 2456 rabidis
562 2392 663 2458 morhi
686 2391 830 2459 ssuctibus
851 2391 962 2456 educat
983 2410 1129 2475 unquam.

279 2495 330 2560 25.
365 2497 425 2563 Ubi
446 2499 566 2568 dicatur
585 2502 704 2587 primus
726 2503 832 2567 Zenon
862 2520 973 2566 novam
999 2497 1152 2565 haeresim
1177 2519 1258 2565 novo
1286 2520 1345 2585 pa-

365 2607 441 2673 xillo
464 2611 670 2697 suspendisse.

280 2713 331 2778 26.
365 2716 445 2782 Nam
468 2727 504 2784 ut
526 2720 663 2805 arquatis
686 2728 719 2785 et
739 2721 821 2786 lutea
841 2740 921 2805 quae
942 2740 1005 2785 non
1028 2726 1101 2784 sunt
1121 2726 1153 2783 et
1173 2738 1253 2804 quae
1275 2726 1346 2783 sunt

366 2824 449 2889 lutea
470 2827 629 2907 videntur,
651 2829 695 2893 sic
716 2828 832 2893 insanis
852 2830 918 2894 sani
937 2837 969 2895 et
990 2827 1097 2895 huiusi
1117 2826 1262 2893 videntur
1283 2848 1344 2893 esse

367 2931 475 2998 insani.

278 3040 330 3104 27.
363 3045 428 3107 Aut
447 3043 554 3110 ambos
573 3045 665 3124 mira,
686 3053 741 3111 aut
761 3047 824 3112 noli
849 3048 961 3113 mirare
982 3048 1020 3113 de
1042 3069 1091 3112 me
1114 3045 1151 3112 de
1171 3045 1290 3112 eodem.

278 3148 330 3216 28.
363 3151 496 3240 Propter
517 3156 673 3243 percrepis
694 3156 821 3223 vocibus
843 3158 974 3223 volitans
997 3178 1087 3223 aures
1106 3154 1197 3241 vulgi.

209 3305 255 3386 J
277 3260 329 3326 29.
364 3262 407 3329 Et
423 3286 494 3330 ecee
516 3266 555 3331 de
574 3266 742 3353 improviso
764 3266 802 3331 ad
821 3288 877 3331 nos
899 3266 1015 3333 accedit
1037 3287 1113 3331 cana
1132 3265 1264 3346 Veritas,
1284 3270 1346 3332 nt-

363 3373 439 3437 tices
461 3374 674 3462 philosophiae
694 3374 834 3442 alumna!

278 3478 328 3541 30.
361 3480 524 3548 Postremo
544 3505 637 3549 nemo
658 3492 802 3569 aegrotus
825 3486 991 3573 quicquam
1014 3486 1149 3551 somniat

363 3590 440 3654 Tam
465 3590 639 3670 infandum,
664 3593 748 3678 quod
770 3615 833 3659 non
856 3595 967 3681 aliquis
989 3596 1070 3661 dicat
1090 3591 1302 3680 philosophus.

277 3695 328 3759 31.
362 3698 494 3784 Propter
511 3721 579 3765 eam
600 3701 754 3787 porticum
774 3704 867 3769 situm
889 3714 956 3770 erat
976 3705 1102 3771 dolium.

277 3804 328 3871 32.
364 3805 461 3873 Simul
482 3829 517 3874 ac
540 3811 685 3897 languido
706 3815 828 3900 corpori
852 3814 925 3880 solis
947 3815 1075 3881 calidior
1094 3814 1160 3880 visa
1177 3819 1225 3876 est
1247 3830 1328 3877 auru

278 3914 328 3982 33.
838 3925 983 4011 Denique
1004 3945 1115 3991 avarus

363 4026 442 4107 Quis
467 4032 551 4097 sanu’
569 4033 628 4097 ’st‘l
648 4070 690 4079 -
712 4033 771 4100 Cui
795 4035 819 4099 si
843 4042 903 4099 stet
923 4043 1006 4101 terra
1028 4042 1059 4099 et
1077 4030 1208 4098 traditus
1231 4028 1314 4095 orbis
