2934 4750
439 327 478 370 ns
500 322 629 368 sernas
652 323 784 369 ursum
806 322 899 368 cerr.
1157 305 1201 368 fl

131 490 305 576 significari,
322 511 415 577 quam
431 491 466 556 Τ.
479 491 685 577 Pomponium
699 490 848 569 Atticum,
862 491 1100 558 oetebenimum
1113 495 1201 560 Var-

131 601 215 667 ronis
233 609 266 667 at
287 600 445 668 Ciceronis
468 600 617 678 animm,
641 608 805 687 postquam
827 601 893 688 ipre
913 611 1022 669 auctor
1042 622 1099 688 per
1125 602 1201 670 itud

129 719 273 789 „ncster“
295 711 369 776 satis
388 709 549 788 indicavit,
574 729 636 776 nen
659 717 720 789 est,
742 712 828 797 quod
848 731 907 797 ego
923 712 1086 780 verbosius
1105 712 1201 780 oriu-

129 839 213 886 cam:
233 841 334 906 nequa
354 819 420 886 iore
442 827 533 906 puto,
555 819 609 906 qui
630 819 669 884 de
689 841 724 886 ea
745 841 779 886 re
798 823 978 908 scrupulum
998 821 1057 888 sibi
1075 843 1200 890 movere

129 930 237 1016 possit
278 931 424 1016 Legimus
448 931 542 1016 igitur
562 931 622 996 isto
642 930 725 1008 loco,
760 932 899 998 Atticum
921 932 955 998 in
982 934 1115 1013 curiam
1142 933 1202 1000 hoc

129 1049 192 1118 est,
222 1040 253 1104 in
278 1048 418 1106 sensatum
443 1040 536 1108 fuisse
557 1042 683 1116 lectum
713 1041 744 1106 id
764 1042 849 1127 quod
870 1041 999 1108 [enasse
1019 1042 1111 1110 alicui
1128 1063 1201 1110 cum

130 1171 169 1215 es
187 1170 324 1236 pugnare
343 1149 492 1230 videatur,
510 1152 594 1237 mmd
610 1151 715 1236 Nepos
733 1151 765 1215 in
785 1151 849 1216 vita
865 1151 960 1216 Attici
976 1173 1002 1217 c.
1016 1151 1047 1217 (t
1062 1151 1203 1230 affirmat,

131 1260 247 1326 scilicet
258 1260 397 1326 Atticum
420 1259 553 1327 honores
569 1261 672 1328 nultos
692 1281 832 1346 unquam
851 1260 1004 1346 petivisse.
1038 1264 1081 1325 nt
1098 1269 1204 1326 um

130 1376 214 1436 recte
238 1376 408 1456 utrumque
438 1391 471 1435 se
500 1370 602 1436 habet
644 1371 756 1456 Neque
783 1370 867 1434 enim
895 1370 951 1455 qui
979 1377 1104 1436 senator
1129 1377 1204 1447 erat,

132 1477 250 1543 honore
273 1477 358 1565 fungi
387 1479 555 1545 dissuasu.
597 1478 756 1558 Quoniam
780 1487 884 1544 autem
910 1487 1067 1546 senatores
1090 1479 1206 1546 fiebant

129 1587 226 1651 etiam
246 1586 301 1671 qui
324 1587 410 1652 nulio
437 1595 509 1653 anto
534 1609 662 1654 munere
690 1588 786 1654 iuncti
814 1598 917 1667 erant,
947 1589 1099 1676 multique
1120 1589 1206 1656 velut

130 1693 248 1778 egregii
265 1715 283 1758 a
302 1695 481 1763 censoribus
498 1697 557 1784 legi
577 1697 724 1776 solebant,
738 1699 764 1764 si
780 1719 819 1764 eo
833 1700 927 1765 modo
940 1699 1062 1765 Atticus
1077 1718 1204 1785 quoque

133 1807 166 1868 in
196 1795 337 1870 senatum
365 1807 553 1891 pervenerit,
592 1828 655 1873 nou
684 1808 773 1874 valde
799 1809 927 1889 mirere,
958 1829 1057 1896 quum
1084 1815 1205 1874 consus

133 1913 220 1979 ilium
239 1921 272 1978 et
289 1921 397 1980 natura
415 1928 559 1985 πολιτικόν
581 1922 633 1996 ¹⁶)
655 1916 749 1984 iuisse
769 1927 802 1984 et
820 1941 891 1986 cum
908 1921 1039 1987 summis
1051 1917 1204 2003 gravissi-

132 2023 251 2109 misque
269 2025 316 2088 sui
334 2026 482 2113 temporis
499 2025 572 2094 viris
584 2026 790 2095 familiaritate
800 2030 1008 2117 coniunctum.
1026 2029 1106 2096 Tum
1121 2047 1204 2104 vcro,

132 2131 159 2196 si
178 2141 345 2201 statuamus
357 2136 507 2202 Varronis
528 2135 749 2224 Ciceronisque
771 2159 846 2205 aero
868 2147 1000 2206 aetatem
1019 2136 1206 2204 senatoriam

132 2242 225 2308 fuisse
247 2244 440 2328 trigintave!
462 2245 664 2330 quadraginta
689 2232 801 2324 annos,
828 2269 926 2333 quum
947 2247 1141 2333 exploratum
1165 2243 1207 2309 sit

132 2353 166 2417 T.
187 2351 396 2438 Pomponium
419 2354 557 2418 Atticum
577 2361 684 2419 natum
707 2376 775 2420 esse
795 2376 877 2421 anno
898 2378 925 2423 a.
942 2357 979 2423 U.
997 2353 1086 2431 645„
1107 2371 1206 2438 aper·

130 2470 199 2526 turn
222 2460 257 2525 fit
277 2460 363 2539 iude,
383 2480 486 2546 neque
505 2461 588 2527 huno
607 2471 678 2527 ante
697 2484 815 2530 annum
834 2486 861 2531 a.
881 2464 918 2532 U.
937 2464 1011 2530 tte.
1033 2469 1207 2528 senatorem

131 2570 216 2649 fieri,
245 2590 347 2657 neque
366 2572 555 2649 Varronem,
582 2570 669 2657 cujus
691 2574 809 2640 natales
831 2574 986 2655 incidunt,
1009 2581 1048 2639 ut
1064 2571 1207 2650 diximus,

132 2680 165 2743 in
185 2700 302 2745 artuum
323 2700 349 2745 a.
369 2680 405 2745 U.
424 2677 510 2758 638,
538 2688 609 2747 ante
631 2681 823 2767 trigesimum
844 2692 987 2751 octavum
1007 2682 1117 2749 aetatis
1139 2701 1207 2745 au-

131 2806 209 2853 num
234 2786 374 2855 Saturum
400 2808 488 2855 fluum
509 2789 686 2869 smmum,
713 2790 1207 2878 περὶἍρχαιρεσιῶνθθὶὶὸθῐὶ·

132 2898 206 2962 bere
234 2897 381 2983 potuisse.
430 2900 467 2965 In
495 2920 558 2986 quo
586 2900 788 2967 tumendum
813 2904 976 2971 resveiim
1005 2924 1045 2968 ne
1073 2902 1207 2979 omittas,

132 3006 282 3090 primurn,
310 3028 372 3073 non
393 3008 558 3075 verisimile
580 3032 648 3075 csse
669 3012 808 3078 Atticum
829 3015 948 3094 statim,
971 3030 1068 3101 quum
1088 3011 1127 3077 ad
1149 3011 1207 3077 in-

132 3116 240 3181 timum
274 3118 445 3183 senatoriae
477 3119 586 3184 aetatis
620 3120 749 3205 gradum
779 3124 986 3209 pervenisset,
1025 3122 1058 3186 in
1089 3120 1207 3187 curiam

134 3225 376 3300 iectum'suisse;
396 3227 508 3292 deinde
531 3227 617 3305 illud,
641 3230 725 3313 quod
745 3233 844 3297 Varro
863 3232 931 3295 icco
950 3231 1005 3295 ito
1025 3248 1090 3292 non
1108 3246 1207 3311 prae-

133 3342 221 3400 sente
245 3334 442 3412 ‚‚rnacescit“‚
472 3334 526 3400 sed
553 3338 720 3420 praeterite
747 3340 963 3415 „monetes
983 3355 1075 3412 usus,
1103 3334 1145 3399 ee
1172 3354 1206 3399 re

133 3464 198 3508 non
220 3462 267 3518 eo,
289 3462 351 3527 quo
371 3443 528 3528 scripserit
544 3443 696 3525 Saturam,
712 3455 852 3535 tempore
870 3448 958 3527 iacta,
979 3445 1034 3512 sed
1050 3444 1089 3509 de
1107 3465 1205 3532 prae-

133 3552 224 3617 terite
253 3550 339 3637 loqui
369 3552 497 3619 videtur.
546 3555 654 3642 Itaque
682 3558 796 3625 rectius
824 3557 907 3625 haud
935 3556 1029 3624 dubie
1058 3560 1206 3621 statuen-

134 3660 207 3725 dum
230 3668 293 3739 est,
322 3660 435 3729 librum
456 3663 640 3743 Serranum,
666 3680 744 3751 περὶ
761 3677 1003 3753 uelamento
1026 3688 1044 3731 a
1066 3668 1206 3733 Varrone

135 3778 204 3853 post
227 3771 494 3858 quadragesimum
514 3775 623 3839 amatis
643 3794 759 3841 annum
776 3777 981 3863 compositum
1003 3798 1081 3843 esse.
1100 3812 1143 3823 --

220 3880 374 3960 Quartum
398 3890 551 3968 superest,
572 3886 827 3971 praecedentibus
845 3886 950 3973 paullo
970 3885 1131 3951 obscurius
1149 3900 1207 3945 nec

208 4116 251 4174 ¹⁶)
271 4118 362 4168 Cicer.
379 4119 414 4168 ad
435 4122 491 4169 nrt.
511 4120 530 4169 Ι.
549 4122 597 4187 lv,
616 4136 659 4185 ep.
677 4124 711 4172 c·
