2934 4750
268 291 331 353 150
607 305 816 358 1111111111
838 305 996 350 vantome

289 477 317 540 4.
353 475 470 574 Harum
493 473 615 540 aedium
638 473 815 562 symmetria
838 470 1015 538 confutabat
1035 470 1266 538 architectones.

288 584 318 650 5.
352 588 435 668 Ager
458 583 725 669 derelinqueretur
746 605 781 648 ac
803 581 918 667 periret
941 581 1047 667 squale
1069 582 1288 669 scabreques
1279 607 1335 649 rn-

356 693 439 758 11111
457 700 488 757 11
507 691 701 758 vastitudine.

291 803 320 866 6.
355 803 448 868 Hunc
468 802 577 881 Ceres,
599 801 659 866 cibi
682 801 838 879 ministra,
860 799 1000 885 frugibus
1021 800 1084 865 suis
1105 810 1219 887 poroet

292 909 319 976 l.
354 911 413 976 Hic
431 919 467 976 ut
486 912 635 997 quadrato
654 901 749 976 latere
770 911 898 998 stipatae
916 906 1031 973 strues!
1159 939 1164 946 ·

293 1017 321 1084 8.
357 1019 449 1098 Quod
473 1017 546 1086 dum
569 1018 799 1097 administrant,
829 1018 860 1084 in
882 1019 988 1084 scrobe
1010 1017 1154 1084 fodiendo
1177 1020 1335 1086 inveniunt
1407 1039 1409 1044 ·

357 1148 467 1194 arcam.

292 1238 321 1302 9.
355 1238 480 1304 Habeas
514 1236 717 1322 antepositam
750 1236 944 1314 alimoniam,
982 1236 1091 1304 sedens
1127 1238 1207 1304 altus
1238 1238 1336 1304 alieno

357 1354 497 1434 sumptu,
519 1367 620 1432 neque
640 1355 710 1431 post
728 1346 910 1432 respiciens,
932 1367 1033 1432 neque
1050 1354 1122 1434 ante
1141 1349 1337 1435 prospiciens,

358 1455 411 1522 sed
433 1457 524 1522 limus
544 1456 624 1522 intra
645 1455 759 1522 limitcr
778 1446 906 1521 culinae.
1020 1531 1026 1536 .

274 1565 322 1630 1⁰.
357 1565 487 1634 Dulcem
509 1587 620 1654 aquam
643 1564 744 1644 bibat,
767 1565 937 1643 salubrem,
965 1571 997 1630 et
1017 1564 1118 1630 llebile
1139 1565 1231 1632 esitct
1249 1565 1336 1654 cepel

274 1675 322 1738 ll.
356 1676 421 1741 Nec
448 1676 622 1761 sumptibus
645 1674 739 1742 finem
767 1675 887 1760 legibus
912 1681 1044 1751 statues,
1084 1673 1240 1761 finemque
1262 1698 1335 1742 mo-
1449 1744 1450 1769 ζ

346 1775 494 1869 vdumque
515 1782 616 1850 luxuil

275 1891 323 1956 tu.
358 1893 434 1957 Tam
456 1914 535 1969 eum.
571 1893 611 1961 ad
631 1893 723 1981 quem
745 1893 875 1960 ueniunt
894 1892 927 1957 in
950 1891 1132 1983 hospitium,
1155 1893 1200 1959 lac
1221 1893 1335 1960 burna-

357 2023 431 2068 num
454 2003 581 2069 lellasso.

275 2107 323 2174 13.
356 2111 498 2180 Alterum
518 2113 597 2179 bene
620 2120 780 2199 acceptum
803 2109 938 2178 dormire
956 2133 1050 2199 super
1068 2109 1241 2198 amphitapa
1261 2113 1337 2178 bene

358 2222 453 2288 molli.

276 2328 324 2393 14.
359 2329 466 2398 Stertit
484 2331 647 2419 juventus,
677 2346 771 2419 quam
792 2325 878 2397 labos
898 2329 1024 2396 mollem
1044 2327 1123 2396 lacit

277 2438 326 2503 15.
361 2441 454 2507 Lecto
481 2449 593 2520 strato,
623 2441 793 2517 matellam,
826 2441 998 2517 lucernam,
1034 2448 1150 2507 ceteras
1177 2459 1226 2505 res
1250 2439 1338 2526 hujus
1450 2491 1451 2522 ,

360 2551 492 2639 quisque
514 2571 587 2638 prae
607 2568 640 2616 se
661 2558 794 2636 portant
856 2566 859 2571 ·

276 2656 323 2723 16.
357 2660 482 2727 Manius
506 2682 596 2727 mane
617 2660 759 2739 suscitat,
779 2666 914 2728 rostrum
938 2658 997 2725 sub
1018 2667 1116 2725 rostra
1129 2655 1254 2738 adfert,
1276 2680 1337 2745 po·

360 2770 501 2853 pulum'
492 2791 524 2834 m
544 2764 645 2837 lorum
665 2768 818 2835 conducit

276 2874 324 2938 ll.
361 2876 425 2968 Lex
452 2898 553 2965 neque
581 2878 738 2943 innocenti
763 2884 890 2962 proptor
915 2876 1102 2941 simultatem
1128 2877 1339 2964 obstringillat

359 3004 460 3069 neque
482 2986 605 3052 nocenti
626 2993 753 3073 propter
772 2985 939 3053 amicitiam
959 2986 1096 3071 ignoscit

276 3090 324 3158 18.
358 3094 438 3159 Tum
461 3094 499 3161 ad
522 3095 730 3175 meluerunt,
752 3094 837 3182 quod
859 3094 1046 3160 libellionem
1068 3116 1136 3161 1111
1158 3096 1303 3161 sciebant

277 3202 324 3268 19.
381 3242 385 3251 -
479 3204 631 3284 Quocirca
651 3212 776 3293 oportet
795 3204 914 3271 bonum
937 3204 1036 3273 civem
1054 3206 1173 3291 legibus

359 3315 472 3382 Parere
488 3323 527 3381 et
547 3315 621 3383 deos
644 3316 760 3393 colere,
786 3314 817 3381 in
839 3315 982 3428 patellam
1004 3312 1077 3380 darc
1098 3328 1201 3398 μκρὸν

360 3435 460 3506 Κρέας.

272 3529 324 3595 20.
358 3530 428 3596 Non
450 3532 647 3609 maledicere,
683 3530 823 3618 pedem
813 3554 846 3596 in
864 3530 967 3599 locum
990 3554 1054 3599 non
1073 3505 1249 3618 imponere,
1285 3548 1342 3594 sa-

359 3639 502 3706 arilicare.

272 3748 323 3812 21.
357 3750 399 3814 Et
421 3771 491 3816 cum
513 3748 644 3833 corrigia
664 3747 803 3835 disrupta
826 3758 914 3816 tonat
934 3751 1071 3830 aridum,
1101 3750 1257 3836 reliquum
1277 3767 1342 3833 pe-

359 3858 428 3924 dem
450 3858 562 3944 penula
585 3863 703 3922 scortea
723 3866 891 3946 pertegerc.

272 3966 322 4033 11.
358 3969 421 4035 Nec
450 3976 540 4033 natus
569 3975 630 4043 est,
664 3988 718 4032 nec
744 3970 908 4035 morietur:
940 3970 1038 4055 viget,
1070 3977 1176 4054 neget,
1210 3972 1345 4051 utpote

358 4077 562 4162 plurimum..
