2934 4750
359 963 567 1044 CAPUT
621 961 980 1043 SECUNDUM.

131 1082 173 1132 De
196 1087 290 1138 aetate
313 1089 436 1153 Menippi
460 1091 600 1142 (latereni
619 1090 720 1154 Cynici
742 1094 770 1139 et
795 1092 829 1139 de
854 1093 978 1152 tempore
1002 1102 1057 1151 quo
1080 1089 1202 1152 scriptae

481 1173 537 1225 sint
559 1173 698 1225 Varronis
721 1174 851 1223 Saturae.

132 1381 319 1496 Postquam
343 1413 376 1480 in
398 1415 558 1500 superiore
582 1413 682 1498 capite
704 1411 800 1477 semel
823 1410 987 1477 incidimus
1008 1409 1040 1476 in
1064 1411 1206 1476 mentio-

131 1540 203 1584 nem
230 1521 372 1608 Menippi
398 1523 522 1610 Cynici,
557 1523 685 1610 ejusque
706 1520 837 1606 ¹vestigia
865 1527 1005 1587 secutum
1033 1520 1066 1584 in
1088 1519 1207 1586 Saturis

130 1649 200 1694 esse
221 1629 395 1696 Varronem
423 1632 636 1718 probavimus,
664 1630 727 1717 jam
750 1651 832 1696 nunc
860 1629 899 1696 de
924 1630 1033 1714 harum
1055 1639 1206 1717 tempore,

131 1757 197 1822 quo
221 1736 283 1802 sint
311 1741 502 1828 conscriptae
524 1739 710 1827 quaesitoris
739 1739 829 1805 nobis
852 1739 974 1808 videtur
1000 1760 1064 1805 non
1088 1740 1143 1806 abs
1170 1762 1206 1807 re

130 1844 207 1924 lore,
222 1847 248 1912 si
265 1847 316 1913 hio
336 1849 374 1916 de
394 1850 476 1918 illius
495 1856 604 1928 aetate,
617 1847 655 1915 de
673 1869 735 1934 qua
754 1848 892 1917 nondum
907 1856 992 1916 certo
1009 1850 1204 1947 explicatum

132 1961 195 2034 est,
215 1958 364 2024 nonnulla
384 1958 602 2046 praeferemus.

216 2065 263 2131 De
281 2075 381 2134 aetate
393 2069 535 2157 Menippi
555 2068 675 2135 nullum
697 2068 734 2131 ad
756 2087 813 2132 nos
833 2068 975 2154 pervenit
993 2069 1205 2136 testimonium

132 2179 253 2257 praeter
273 2197 372 2244 unum
395 2178 450 2245 sed
471 2178 637 2245 admodum
659 2176 813 2241 incertum
830 2176 904 2242 illud
920 2198 939 2241 a
953 2177 1092 2262 Diogene
1105 2179 1205 2245 Laert

133 2280 164 2346 in
184 2282 247 2348 vita
267 2285 332 2370 ojus
352 2287 507 2373 prolatum
530 2288 550 2352 l.
571 2287 630 2364 vl,
657 2305 681 2348 s.
703 2283 786 2350 10οεΙ
809 2298 865 2365 „vu
882 2295 913 2350 cl
930 2299 1024 2369 βιβλία
1042 2297 1132 2355 αὐτοῦ
1149 2293 1206 2364 (so.

131 2391 288 2478 Menippi)
310 2412 414 2465 molloni
433 2407 624 2479 καταγέλωτος
641 2405 723 2477 γέμει·
742 2407 792 2486 uel
807 2425 835 2459 τι
852 2400 914 2459 ἴσον
928 2409 988 2467 τοῖς
1002 2405 1207 2477 Μελεάγρου

132 2515 195 2568 τοῦ
217 2509 295 2571 κατ’
319 2510 429 2573 αὐτὸν
449 2514 676 2587 γενομένονῑῐ,
689 2520 769 2586 quae
782 2498 876 2565 verba
890 2498 1205 2587 simpliciterquldem

132 2606 287 2675 affirmant
304 2610 499 2699 Meleagrum
519 2608 680 2697 aequalem
698 2606 840 2693 Menippi
861 2607 970 2687 luisse,
988 2610 1057 2688 sed,
1082 2612 1206 2697 quando

132 2714 184 2781 hic
204 2717 271 2803 ipse
291 2719 412 2800 vixerit,
432 2719 510 2787 nihil
530 2726 688 2806 praeterea
710 2716 892 2803 significant

217 2827 437 2897 Recentiorum
458 2829 496 2896 de
515 2827 665 2913 Meleagri
688 2834 790 2892 aetate
810 2826 912 2893 varim
934 2835 1007 2893 sunt
1025 2829 1205 2896 sententiae.

133 2935 275 3003 Boreum
296 2960 373 3025 eum¹
385 2940 443 3005 snb
460 2938 568 3026 primis
578 2935 748 3003 Alexandri
764 2936 991 3003 successoribus
1012 2938 1142 3005 collocat
1157 2946 1206 3019 ¹):

133 3043 284 3113 lurtum
308 3048 367 3115 sub
380 3047 520 3129 Seleuco,
538 3046 745 3115 Antiochino
762 3046 826 3112 filio
843 3046 984 3113 lloruisse
1002 3068 1075 3114 eum
1094 3050 1206 3134 suspi-

133 3158 219 3219 catus
241 3162 289 3221 est
308 3161 358 3236 ²),
394 3180 488 3245 quam
510 3156 690 3245 opinionem
710 3155 844 3241 amplexi
865 3163 939 3221 sunt
957 3156 1051 3220 etiam
1072 3157 1207 3223 Klotzim

134 3268 165 3326 et
173 3262 350 3343 Salmasius,
366 3264 417 3331 hic
431 3266 464 3331 in
477 3263 710 3349 Prolegomenis
725 3261 763 3327 ad
774 3263 970 3346 Homonpma
981 3264 1076 3348 Hyles
1086 3264 1163 3328 latr.
1177 3286 1207 3351 p.

133 3372 179 3448 4.,
198 3370 251 3435 ille
271 3372 303 3435 in
321 3372 454 3437 Praelat,
474 3370 515 3437 ad
535 3372 669 3437 Straton.
686 3369 792 3455 Epigr.
811 3391 841 3455 p.
861 3368 891 3433 Ἰ.
926 3371 955 3435 J.
979 3368 1015 3435 (ἰ.
1035 3370 1205 3440 Seleucide-

132 3500 189 3545 rus
223 3476 358 3566 denique
392 3480 425 3546 in
455 3480 599 3547 Periculo
633 3479 708 3547 Grit
743 3477 776 3543 in
808 3476 935 3544 Anthol.
968 3479 1075 3547 Const.
1108 3481 1205 3571 Ceph.

134 3587 294 3655 contendit
309 3589 502 3676 Meleagrum
521 3590 663 3657 lloruisse
684 3596 755 3677 post
771 3587 957 3671 Stratonem,
973 3597 1113 3679 tempore
1128 3597 1205 3661 Au-

136 3697 228 3781 gusti,
248 3698 274 3763 si
292 3719 413 3765 summa
430 3698 627 3779 concesseris,
643 3697 797 3765 celebrem
819 3703 861 3776 ⁸).

205 3847 235 3909 ¹]
251 3851 385 3903 Buretlus
402 3851 432 3902 in
447 3849 531 3904 Mem.
545 3854 579 3903 de
594 3852 702 3904 l’Aeuo.
716 3853 768 3902 ties
782 3851 873 3902 inser.
892 3853 959 3904 ton.
976 3850 1051 3919 iiix,
1066 3868 1094 3916 p.
1110 3853 1170 3905 iti.

202 3934 233 3991 a)
249 3933 363 3985 norun.
380 3934 410 3985 in
423 3937 514 3998 Epist.
531 3937 551 3985 i.
565 3936 615 4001 lv,
631 3947 675 3999 ep.
686 3937 713 3985 ti.
731 3936 799 3986 ton.
810 3935 834 3997 1,
850 3949 879 3998 p.
891 3934 951 3988 187.
969 3938 1099 3997 (anmi.
1111 3936 1204 3993 17⁸8.)

205 4018 233 4076 1)
249 4016 304 4067 Sed
318 4018 506 4071 Schneiderus
523 4019 642 4072 mutavit
656 4022 759 4082 postea
776 4019 954 4085 sententian,
967 4020 1086 4071 Relskio
1101 4019 1206 4069 adsen-

137 4098 213 4152 titus.
247 4100 319 4153 Vide
338 4114 400 4156 eum
412 4101 441 4155 in
452 4101 510 4155 Vit.
519 4104 603 4157 verr.
620 4102 650 4155 in
662 4101 777 4167 scripte
794 4103 828 4154 u.
841 4103 876 4154 u.
892 4107 959 4155 ton.
975 4103 999 4165 l,
1017 4103 1048 4151 P.
1059 4102 1095 4166 11,
1106 4112 1133 4163 p.
1143 4100 1203 4151 m.
