2934 4750
405 297 446 342 aa
468 298 679 343 cuasscraaa
700 297 917 342 vssaonrsuo.
1151 277 1195 340 85

122 463 306 550 fragmenta,
323 464 438 550 quibus
458 463 582 530 fortuna
600 485 724 551 parcere
741 463 848 542 voluit,
870 463 1118 550 quotusquisque
1138 471 1194 542 est,

123 575 181 660 qui
205 573 293 642 novit
320 581 375 640 aut
401 573 497 659 legit?
528 575 709 660 praesertim
731 595 829 661 quum
851 581 1026 660 temporum
1048 572 1194 658 aerugine

124 691 287 772 tantopere
317 685 379 751 sint
407 683 507 750 obsita
529 705 565 750 ac
591 705 688 770 paene
713 684 824 762 obesa,
855 693 891 751 ut
916 684 976 770 legi
996 683 1047 749 rix
1070 689 1193 769 queant.

123 795 160 860 ln
189 793 304 882 quibus
333 793 533 860 emendandis
565 794 814 880 illustrandisque
839 794 864 860 si
888 800 992 860 nostra
1014 812 1108 878 opere
1130 813 1193 856 non

123 925 252 1005 prorsus
278 905 433 971 incassum
455 904 563 983 fuerit,
589 904 772 972 iactabimur
799 906 831 970 in
858 905 914 971 bac
935 910 1022 990 parte
1044 903 1082 969 ad
1104 904 1192 970 Var-

123 1015 210 1080 ronis
239 1036 354 1081 nomen
386 1015 516 1102 pristino
545 1037 603 1082 suo
634 1015 790 1102 splendori
820 1014 1044 1081 restituendum
1075 1013 1192 1100 aliquid

124 1125 321 1191 contribuere
349 1126 438 1190 nobis
460 1128 634 1212 contigisse.
678 1125 771 1204 Quod
795 1126 877 1190 enim
898 1125 991 1208 vulgo
1012 1129 1044 1188 et
1064 1124 1103 1188 ab
1127 1145 1191 1188 an—

123 1235 310 1321 tiquioribus
334 1245 365 1301 et
390 1237 428 1301 ab
457 1237 681 1304 recentioribus
706 1235 745 1301 de
766 1257 803 1300 eo
826 1233 955 1320 judicari
982 1234 1073 1310 solet,
1102 1232 1192 1299 soili-

124 1354 173 1410 cet
192 1347 337 1412 scientiae
357 1349 607 1435 multiplicique
626 1347 760 1412 inomni
780 1346 939 1410 literarum
960 1350 1046 1429 parte
1068 1341 1192 1438 instru-

124 1465 191 1523 ctus
209 1466 286 1535 erat,
306 1458 368 1524 stili
388 1459 518 1525 virtutes
539 1458 622 1524 baud
644 1479 733 1545 pares
756 1456 865 1534 fuisse,
885 1452 944 1520 hoo
965 1460 1047 1519 certe
1070 1453 1108 1518 ad
1127 1451 1191 1518 Sa-

125 1578 211 1634 turas
224 1568 355 1652 ,referre
381 1591 443 1634 non
465 1570 618 1636 debebant
642 1577 704 1648 ³⁰).
749 1567 857 1634 Sermo
879 1589 1000 1645 earum,
1029 1563 1131 1650 quoad
1154 1584 1192 1628 ex

123 1743 152 1804 §-
171 1741 214 1789 t.:
233 1740 314 1803 „Nec
330 1739 430 1802 ignara
443 1741 632 1804 philosophiae
647 1742 840 1805 (grammatice
857 1743 1034 1805 potestesse
1050 1736 1191 1801 perlecta)

123 1837 208 1889 quum
231 1827 350 1886 propter
368 1826 502 1905 plurimos
524 1827 553 1876 in
575 1827 701 1880 omuibus
719 1829 780 1879 tere
798 1826 967 1879 carminibus
984 1827 1067 1876 locos
1089 1835 1126 1872 ex
1146 1819 1191 1870 in·

122 1910 191 1960 tIma
209 1909 458 1972 quaestionum
477 1913 692 1963 naturalium
716 1915 871 1967 subtilitate
893 1911 1045 1973 repetitos,
1070 1911 1127 1958 tum
1145 1906 1191 1956 vei

122 1996 241 2057 propter
256 1991 450 2056 Empedoclem
468 1995 497 2046 in
517 1997 647 2063 Graecis,
665 2001 860 2050 Varronem
879 2009 918 2046 ac
935 1992 1137 2046 niioretrum
1156 1989 1190 2040 in

123 2078 280 2143 Latinis,
307 2078 353 2140 qui
375 2084 527 2142 praecepta
545 2082 701 2144 sapientiae
721 2084 850 2135 versibus
871 2075 1074 2132 tradiderunt.“
1109 2075 1191 2138 'pal-

124 2163 198 2227 ding.
215 2175 326 2226 quoque
344 2164 378 2214 ad
394 2165 421 2214 h.
436 2165 456 2214 l.
471 2168 689 2229 negatvarroni
705 2181 817 2219 carmen
835 2167 869 2216 de
882 2167 983 2214 ilerum
995 2163 1103 2212 Matura
1118 2159 1190 2209 scri-

123 2250 199 2310 ptum
219 2246 320 2312 tuisse,
336 2249 474 2315 statuens,
492 2251 573 2300 Fabii
592 2252 678 2301 verba
696 2252 764 2316 „qui
782 2252 935 2314 praecepta
952 2245 1107 2308 sapientiae
1125 2255 1190 2292 ver-

124 2331 203 2382 sibus
219 2331 412 2383 tradiderunt“
427 2335 575 2386 referenda
589 2349 656 2387 esse
673 2338 707 2387 ad
722 2339 840 2387 saturas
853 2332 1027 2394 Menippeas,
1044 2328 1072 2378 ln
1091 2326 1190 2391 quihus

123 2416 249 2478 pedestri
267 2416 387 2468 orationi
402 2418 534 2470 videlicet
550 2433 651 2470 versus
669 2434 781 2484 quoque
795 2420 963 2471 intertextos
982 2426 1047 2465 esse
1065 2425 1121 2463 nou
1139 2410 1190 2461 mi-

124 2515 177 2552 nus
193 2505 315 2567 constet,
332 2516 412 2565 quam
430 2503 459 2553 in
474 2504 511 2553 iis
529 2504 647 2555 maxime
664 2506 697 2555 de
715 2504 815 2556 ethicis
831 2504 999 2566 disputatum
1016 2498 1115 2550 inisse.
1134 2497 1189 2545 Sed

124 2586 250 2651 neglexit
266 2586 309 2636 vir
323 2588 434 2653 doctus,
448 2588 477 2637 ln
489 2589 670 2648 erinctiliani
686 2593 752 2640 loco
764 2602 821 2639 non
837 2589 871 2637 de
888 2584 987 2636 ethicis
1004 2583 1069 2648 dici,
1083 2582 1133 2632 scd
1150 2582 1189 2631 de

127 2670 395 2733 quaestionibus
412 2672 661 2738 naturalibus,
685 2674 713 2723 in
732 2673 831 2737 quihus
848 2669 1023 2723 illustrandis
1038 2671 1097 2718 tres
1112 2666 1189 2729 ilios,

125 2756 235 2805 scilicet
253 2758 447 2819 Empedoclem
469 2757 499 2808 ln
520 2757 654 2823 Graecis,
677 2760 833 2809 Varronem
854 2770 889 2807 ac
907 2752 1067 2807 Lucretium
1086 2752 1113 2801 in
1131 2752 1190 2800 ilo-

125 2854 222 2891 manos
242 2844 373 2892 versatos
393 2855 470 2893 esse.
504 2842 645 2893 Firmatur
663 2842 805 2894 sententia
826 2842 909 2893 eiiam
928 2837 1077 2891 Ciceronis
1094 2835 1189 2887 verbis

126 2926 255 2975 academ.
277 2926 304 2991 i,
333 2939 359 2976 c.
384 2928 416 2992 8,
443 2927 542 2990 quihus
560 2931 716 2980 Varronem
738 2929 888 2992 compellat
909 2926 966 2978 sic:
993 2924 1108 2993 „Atque
1126 2925 1190 2986 ipse

127 3012 292 3061 canumet
315 3011 432 3077 elephas
456 3015 533 3062 omni
555 3012 620 3075 fere
645 3027 764 3066 numero
789 3026 892 3078 poema
911 3010 1029 3074 sectati:
1057 3009 1190 3074 philoso-

126 3095 279 3160 phiamque
295 3095 396 3146 maltis
413 3096 488 3146 locis
503 3097 651 3149 inchoasti
666 3096 737 3148 -.“
770 3099 835 3150 flcio
851 3097 960 3162 quidem
976 3097 1048 3147 hunc
1064 3096 1156 3145 locum
1172 3105 1190 3144 a

125 3179 265 3242 plerisque
279 3179 382 3229 reterri
396 3180 430 3228 ad
444 3182 562 3230 saturas
571 3181 750 3243 Menippeas:
767 3184 816 3232 sed
830 3194 973 3243 perperam
989 3182 1053 3229 hoc.
1072 3179 1189 3227 saturas

126 3264 195 3314 enim
214 3263 379 3324 Menippeas
400 3262 544 3311 maximam
563 3267 669 3324 partem
691 3264 787 3313 soluta
806 3264 934 3314 oratioue
952 3262 1074 3323 scriptas
1091 3259 1190 3325 fuisse,

126 3348 204 3399 hodie
219 3360 255 3397 ex
270 3344 435 3407 fragmentis
452 3348 544 3406 patet3
566 3349 597 3395 ut
613 3358 670 3396 non
683 3351 764 3397 recte
782 3346 970 3409 intelligatur,
989 3354 1043 3407 qno
1063 3340 1126 3407 iure
1142 3347 1192 3394 aut

127 3444 178 3493 quo
201 3428 315 3481 nomine
334 3426 436 3477 cicero
459 3440 510 3477 eas
535 3428 675 3492 ‚,poema“
695 3431 839 3493 appellare
863 3428 1001 3495 potuerit,
1025 3427 1190 3491 praesertim

128 3528 206 3577 quum
223 3524 377 3578 permagna
392 3523 486 3564 earnm
503 3514 648 3565 multitudo
667 3518 747 3565 esset
765 3527 853 3579 eaque
870 3528 975 3565 summa
991 3512 1124 3565 materiae
1140 3526 1192 3565 va·

126 3597 226 3649 rietste
248 3595 396 3659 disposita.
432 3596 512 3657 Quod
537 3602 628 3649 autem
649 3602 760 3665 putant,
783 3600 850 3651 iliud
877 3600 1015 3664 „elegans
1040 3596 1112 3649 omni
1131 3598 1191 3649 tere

127 3680 262 3734 numero“
274 3694 331 3732 mou
343 3694 430 3744 posse
446 3682 591 3748 explicari,
604 3682 659 3733 nisi
673 3684 849 3749 intelligatur
862 3686 895 3734 de
910 3684 997 3734 variis
1012 3683 1118 3746 metris,
1131 3682 1193 3745 qui-

128 3767 284 3817 busvarro
301 3765 330 3815 in
348 3768 510 3818 Saturarum
524 3768 672 3829 poematiis
688 3768 889 3820 concinnandis
908 3781 977 3819 usus
995 3767 1042 3832 sit,
1061 3768 1115 3817 boc
1130 3765 1192 3827 qui-

129 3851 187 3900 dem
204 3850 314 3900 minime
330 3864 434 3914 moror,
449 3865 530 3914 quum
544 3855 666 3918 constet,
679 3854 849 3904 locutionem
863 3853 956 3918 „omni
975 3848 1109 3902 numero“
1128 3862 1193 3899 sae-

128 3934 190 3995 pius
214 3934 310 3985 valere
329 3937 400 3997 apud
418 3936 537 3987 Latinos
555 3936 711 3999 scriptores
729 3938 801 3989 idem
819 3940 903 4000 atque
922 3936 977 4000 „ab
996 3933 1070 3984 omni
1092 3930 1192 3998 pariet‘

129 4020 174 4068 vei
192 4016 356 4083 ‚,omnino“.

199 4103 242 4161 ⁸⁰)
259 4103 430 4165 Bernhardy.
447 4104 466 4153 l.
484 4106 503 4153 l.
522 4118 550 4165 p.
569 4106 626 4155 tit.
644 4119 672 4156 n.
690 4107 765 4157 itta
796 4103 883 4171 „Wie
903 4101 971 4153 weit
990 4100 1066 4150 dlese
1082 4095 1194 4146 Satiren
