2934 4750
624 265 820 321 PMWW·
1213 271 1260 315 ru

191 436 300 508 1622.
323 437 357 506 in
382 435 453 526 4.),
476 436 535 526 qni
556 436 644 506 liber
664 419 910 529 suppeditabat
933 439 1117 531 scripturas
1139 442 1261 510 multas

188 579 404 648 nequaquam
440 555 664 644 spernendas,
703 557 774 624 imo
811 556 896 625 loeis
933 558 1065 648 aliquot
1096 558 1262 649 despera-

182 675 325 750 tissimis
347 691 430 742 unus
453 673 655 765 medisinam
677 673 803 745 afferre
823 674 912 743 visus
929 685 996 744 est:
1019 676 1079 760 ric,
1101 685 1138 744 ut
1157 677 1263 747 modo

191 815 292 862 unum
316 789 470 875 laudem,
499 789 565 876 illi,
593 792 652 882 qui
676 815 719 860 ex
746 791 980 885 Sanquiutm
998 793 1070 886 [ln¹
1088 791 1168 884 24.)
1189 817 1262 865 ser·
1292 842 1297 848 -

191 923 288 983 vatus
322 919 430 980 exstat
458 931 513 999 ap.
541 910 628 978 Non.
660 932 695 1000 p.
726 909 820 995 247,
847 907 907 980 25.
943 911 998 979 ed.
1030 910 1141 981 Mero.
1173 935 1201 981 s.
1231 936 1261 979 v.

190 1031 381 1118 „Album“‚
423 1028 483 1094 ubi
513 1029 619 1130 verba
660 1027 811 1112 „album
839 1035 895 1098 eet
921 1035 1070 1113 mere,“
1113 1030 1262 1118 quaein

193 1148 347 1230 omnihus
373 1146 473 1213 Nonii
501 1144 705 1230 Godicibus,
738 1155 908 1235 quotquot
931 1146 1146 1223 innotuerunt
1174 1147 1262 1217 bac-

192 1287 312 1354 asque,
333 1261 586 1347 desiderantur,
613 1288 633 1330 a
655 1263 730 1334 solo
753 1263 1002 1356 Laurenbergo
1023 1273 1157 1332 serrata
1177 1275 1263 1348 sunt,

191 1383 286 1454 haul
311 1382 432 1479 dubie⁹
470 1390 509 1450 ut
529 1377 689 1468 equidem
716 1389 810 1449 corte
827 1378 968 1470 judico,
1007 1403 1049 1450 ex
1073 1381 1162 1448 libro
1184 1381 1262 1450 MS.

192 1500 344 1590 quodam
374 1497 600 1566 vetustissimo
637 1485 726 1567 nuuc
766 1497 960 1588 deperdito.
1024 1498 1138 1572 Libris
1174 1499 1264 1568 euim

193 1616 363 1684 veteribus
407 1613 715 1682 Grammaticorum
760 1616 1000 1687 nonnullosnu
1042 1614 1077 1682 iu
1124 1617 1263 1688 conetu-

194 1733 307 1802 nando
354 1748 414 1800 suo
459 1731 659 1821 Antiquario
690 1732 807 1821 iisque
853 1733 900 1802 ad
944 1739 1081 1823 partem
1122 1734 1263 1824 optimis

191 1851 472 1942 Laurenbergum
504 1850 702 1917 instructum
730 1850 852 1934 fnisse,
890 1873 1095 1940 quamquam
1124 1847 1162 1918 id
1189 1852 1265 1942 ipso

193 1969 331 2060 quidem
361 1969 486 2037 diserte
521 1989 589 2035 non
624 1967 822 2058 profitetur,
859 1978 974 2036 tamen
1005 1968 1189 2058 apparebit
1221 1970 1264 2053 ei,

192 2089 250 2178 qui
274 2089 399 2156 librum
425 2087 646 2176 perlustrabit
674 2087 930 2176 scripturasque
960 2087 1137 2154 citatarum
1160 2087 1195 2154 in
1222 2110 1263 2155 eo

192 2206 396 2296 scriptorum
428 2214 581 2300 veterum
609 2205 828 2294 reliquiarum
859 2227 937 2272 cum
968 2204 1008 2274 iis
1040 2206 1264 2295 comparabit,

193 2347 280 2416 quae
315 2324 421 2415 vulgo
457 2305 748 2391 circumferuntur.
814 2320 886 2392 Sed
922 2321 968 2395 ad
1006 2344 1120 2390 meum
1161 2322 1265 2413 ipsius

192 2443 395 2534 opusculum
427 2439 640 2509 redeundum
670 2448 731 2507 est.
782 2438 944 2508 Virorum
976 2439 1156 2509 doctorum
1182 2462 1265 2511 con-

187 2561 339 2652 jecturas
363 2568 399 2625 et
424 2556 676 2625 emendationes
699 2580 719 2623 a
745 2555 933 2626 novissimis
955 2557 1058 2624 Nonii
1078 2558 1264 2628 editoribus

193 2678 376 2770 diligenter
412 2676 590 2742 adnotatas
636 2674 818 2765 multisque
858 2673 944 2741 locis
983 2700 1004 2743 a
1045 2698 1101 2747 me
1140 2686 1266 2760 ancias,

193 2794 415 2885 ineptioribus
450 2801 485 2859 et
513 2790 737 2861 inutilioribns
775 2792 965 2882 quibusque
1004 2794 1158 2879 missis,
1200 2817 1266 2863 una

193 2911 456 2992 cum'Codicum
472 2910 558 2977 Mss.
583 2932 727 2999 quarum
742 2910 948 2981 mentionem
967 2910 1082 2980 faeere
1102 2912 1265 2981 interesse

193 3031 372 3099 videbatur
400 3028 601 3095 lectionibus
629 3027 664 3095 in
690 3027 965 3098 adnotationibus
994 3051 1125 3097 summa
1151 3038 1186 3098 et
1209 3052 1266 3099 re-

194 3148 411 3241 ligiosissima
436 3169 503 3237 qua
529 3153 666 3235 poterat
690 3144 762 3212 lide
786 3146 954 3214 recensuit
987 3168 1029 3213 eo
1051 3147 1265 3236 potissimum

193 3276 305 3335 motus
327 3263 485 3345 consilio,
507 3271 556 3344 ut,
584 3262 611 3327 si
638 3262 776 3351 quando
802 3261 911 3329 minus
936 3262 1091 3350 placeret
1114 3273 1266 3335 nostrum

190 3381 372 3474 judicium,
396 3380 587 3468 quicunque
608 3376 742 3469 legeret
763 3377 829 3446 sibi
850 3401 938 3468 quae
960 3380 1070 3472 magis
1090 3382 1267 3473 placerent

61 3580 67 3587 ,
197 3500 351 3593 eligeret.
403 3495 558 3585 Denique
589 3496 626 3568 in
652 3495 952 3565 commentationis
979 3521 1067 3589 quae
1092 3500 1175 3589 ipsis
1195 3503 1268 3570 Sa-

193 3630 344 3687 turarum
366 3614 566 3708 fragmentis
594 3614 781 3704 praemissa
806 3624 860 3688 est
885 3617 998 3707 capite
1022 3616 1137 3707 primo
1162 3619 1191 3686 si
1212 3622 1267 3687 eni

197 3736 305 3804 miuus
339 3734 441 3823 plene
473 3732 596 3800 dixisse
622 3731 784 3815 videbor,
817 3732 845 3799 is
873 3742 1026 3825 reputet,
1059 3758 1202 3825 quaeso,
1234 3738 1268 3805 in

196 3853 348 3937 materia,
371 3874 473 3941 quam
495 3872 536 3919 eo
557 3850 591 3921 iu
615 3848 728 3938 capite
753 3850 905 3935 tractavi,
929 3853 1033 3941 pleno
1055 3852 1171 3923 dicero
1192 3873 1268 3930 mea

194 3973 303 4043 minus
336 3968 527 4037 interfuisse
560 3967 689 4058 (neque
728 3968 818 4035 euim
853 3967 923 4035 hoc
963 3992 1051 4060 opus
1088 3970 1268 4049 ridebatur

196 4088 301 4177 esse),
326 4108 428 4176 quam
449 4106 580 4153 errores
604 4083 771 4173 quosdam
796 4107 837 4152 ex
858 4086 944 4157 talea
959 4086 1267 4158 Grammaticorum
