2934 4750
260 243 301 304 16
646 259 878 304 columma
900 261 940 303 ars

259 430 297 493 ad
317 426 473 511 exemplar
490 423 633 490 editionis
643 424 860 491 Dardraeenae
880 425 1027 490 instituta.
1054 424 1174 490 Prodiit
1191 447 1217 490 a.
1239 425 1332 494 1788.

259 539 297 602 11.
315 544 388 600 tom.
408 533 440 600 in
463 532 491 600 8.
510 569 551 582 --

343 645 419 708 Post
443 641 499 709 has
526 643 624 729 justas
648 644 796 709 Varronis
822 643 1064 729 fragmentorum
1091 643 1243 708 editiones
1266 643 1331 729 jam

260 752 393 820 secundo
410 752 477 816 loco
491 751 640 816 habemus
657 751 720 816 duo
740 773 843 838 opera,
854 773 933 839 quaa
950 752 1101 818 duntaxat
1116 759 1234 836 partem
1252 753 1331 818 ilio-

259 883 329 930 rum
350 861 504 928 aihihent
548 861 651 927 Unum
669 869 731 926 est:

345 972 460 1058 corpas
480 972 613 1036 amotam
638 982 769 1036 aetnam
784 981 946 1057 poetaram
966 970 1146 1036 Iotiaoraoa
1160 973 1284 1057 prosam
1304 984 1334 1036 at

345 1081 496 1146 ecclesiast
514 1080 609 1162 (aaa
621 1080 709 1148 Mt'clt.
723 1079 897 1162 Mattairc).
919 1079 1015 1144 Lena.
1033 1101 1061 1144 α.
1081 1079 1173 1146 1113.
1198 1080 1242 1144 11.
1261 1079 1329 1145 Vct.

343 1192 377 1253 ia
393 1189 455 1275 sal..
476 1199 504 1253 ct
516 1202 638 1276 postca:
655 1190 733 1275 Hoq.
756 1189 833 1255 Cana
856 1200 883 1254 et
904 1189 999 1254 lond.
1020 1213 1048 1254 α.
1074 1187 1165 1254 1723.
1193 1187 1235 1253 ΙΙ.
1261 1189 1328 1254 Vall

343 1301 377 1364 in
391 1298 443 1384 fal.
463 1335 504 1344 -

257 1409 388 1474 alterum
409 1416 470 1472 est:

343 1516 475 1582 Collectio
498 1518 689 1583 Pasaarmsis
716 1518 850 1582 omnim
874 1529 1044 1602 poematia
1062 1520 1196 1584 omnium
1211 1530 1325 1604 pocta-

342 1647 412 1690 ram
429 1636 456 1689 et
472 1628 706 1711 [raymattoraoa
723 1625 911 1703 Latinorum,
929 1627 991 1692 stac
1011 1628 1052 1692 acl
1070 1628 1184 1693 codices
1203 1629 1266 1692 siae
1287 1628 1328 1691 al
1366 1623 1371 1631 '

209 1735 212 1740 '
342 1733 456 1820 lapides
485 1736 709 1821 pertinentiam.
762 1734 842 1799 Cara
870 1736 954 1799 Pasa.
982 1737 1089 1801 Amati.
1147 1737 1275 1801 Pt'saari
1300 1761 1326 1800 a

344 1841 435 1907 1766.
485 1844 530 1908 VI.
549 1855 616 1908 tom.
637 1845 671 1908 ia
693 1845 721 1908 4.
742 1881 783 1890 -

257 1955 372 2018 Tamus
399 1961 527 2038 quartus
556 1952 681 2017 exhibet
706 1952 943 2038 Menippaarum
971 1953 1117 2040 reliquias
1145 1951 1216 2018 inde
1241 1973 1267 2016 a.
1295 1974 1324 2037 p.

256 2059 319 2128 389
338 2083 403 2148 sqq.
424 2099 464 2108 -

339 2171 535 2237 Poeticarum
558 2172 799 2257 fragmentorum
820 2171 971 2256 quaedam
993 2172 1153 2238 selectiora
1175 2172 1323 2236 inserue-

255 2290 329 2348 runt
349 2282 412 2347 suis
435 2282 520 2346 libris
538 2280 592 2367 qui
607 2280 762 2346 Gataiecta
780 2281 827 2345 val
842 2280 1044 2364 Anthologias
1062 2282 1220 2346 Romanae
1240 2300 1323 2365 poe-

255 2413 323 2457 seos
344 2399 599 2478 composuerunt;
619 2398 655 2455 ut
674 2391 738 2457 las.
760 2389 896 2475 Scaliger
917 2391 949 2456 in
972 2389 1134 2456 Cataiaotis
1155 2390 1322 2456 Poetarum

254 2502 434 2567 Latinorum
458 2499 545 2577 iecit,
566 2521 645 2585 quae
663 2499 845 2584 prodierunt
863 2499 998 2585 primum
1018 2519 1045 2563 a.
1067 2498 1158 2563 1573.
1177 2500 1211 2563 L.
1231 2500 1277 2577 B„
1293 2507 1324 2563 et
1466 2545 1467 2571 .

254 2611 475 2695 repetita'sunt
492 2630 517 2672 a.
544 2606 633 2675 1618.
652 2607 766 2673 ibidem
791 2609 848 2674 sub
869 2608 928 2673 hoc
945 2608 1054 2672 titulo:

341 2718 484 2782 Catuiacia
511 2717 631 2801 Vicqalii
651 2719 826 2784 stallorum
841 2730 1001 2805 poetaram
1018 2728 1147 2781 aeteram
1162 2720 1322 2803 peccantia.

339 2825 412 2888 Cam
431 2838 616 2889 commentar.
639 2827 699 2891 las.
719 2826 876 2912 Scaliqcri,
897 2827 956 2890 Jal.
978 2826 1057 2891 Caes.
1075 2824 1226 2912 Scaliqcri
1239 2828 1322 2891 Filii.

271 2946 276 2955 '
337 2934 429 3020 Apud
447 2933 612 2997 lateranam
630 2934 738 3001 Moira.
759 2972 801 2981 -
902 2953 906 2957 “

253 3042 369 3107 Similia
399 3061 506 3127 opera,
543 3042 596 3107 sed
627 3042 725 3108 multo
753 3044 903 3128 ampliora
929 3052 1002 3109 sunt
1030 3064 1048 3107 a
1073 3044 1108 3107 P.
1133 3041 1264 3107 Pithoeo
1292 3052 1323 3107 et

251 3153 285 3217 P.
305 3152 483 3217 Burmanno
501 3153 690 3218 concinnata.
732 3154 820 3218 Illius
847 3152 926 3218 liber
946 3151 1126 3237 inscriptus:

334 3263 560 3349 Epiqcammata
593 3274 621 3327 et
650 3262 803 3327 Poematia
831 3272 895 3326 vett.
924 3283 963 3324 cx
995 3260 1165 3325 bibliotheca
1195 3272 1221 3323 et
1254 3282 1322 3324 cara

336 3372 476 3435 emendat.
499 3371 533 3434 P.
553 3371 676 3435 Pittaci.
704 3371 803 3435 Paris.
832 3394 859 3434 α.
883 3368 975 3433 1590.
998 3372 1032 3432 ia
1056 3368 1123 3439 12:
1155 3378 1182 3431 et
1197 3380 1322 3454 panca:

336 3476 442 3543 Getica.
465 3492 491 3543 ct
509 3480 543 3543 L.
564 3477 601 3542 B.
632 3502 658 3541 a.
682 3478 773 3543 1596.
800 3480 835 3543 ia
856 3476 886 3542 8.
908 3514 949 3523 -

249 3584 283 3649 Ρ.
302 3586 471 3652 Burmanni
494 3607 572 3671 opus
592 3586 706 3672 prodiit
728 3587 786 3652 sub
807 3586 865 3651 hoc
886 3586 992 3652 titulo:

332 3695 510 3783 Antialaqia
529 3708 594 3761 vet.
613 3696 711 3761 Latia.
730 3697 947 3783 Epiqrammat.
969 3707 995 3759 ct
1014 3695 1142 3759 Paemat.
1170 3695 1232 3757 siae
1253 3694 1318 3758 Ca-

333 3805 435 3869 tolccta
454 3817 612 3894 poetaram
629 3805 704 3870 Latt.
732 3842 773 3850 -
792 3841 834 3850 -
856 3840 898 3849 -
928 3803 1008 3868 Cara
1036 3804 1122 3868 Petri
1143 3802 1322 3867 Barraaaai

332 3913 470 3979 Secundi.
514 3914 666 3979 Amatclod.
703 3911 976 3977 aluta-1773.
1021 3912 1061 3974 II.
1091 3911 1157 3976 Voll.
1180 3913 1214 3974 ia
1233 3912 1263 3975 4.
