2934 4750
276 237 322 300 8
662 251 766 296 carun
790 249 955 310 annuns.

277 442 350 488 naen
371 420 506 506 graviter
525 418 615 487 dictis
636 427 668 483 et
689 417 839 504 exemplis
861 437 878 482 e
901 417 1077 504 propinquo
1098 417 1240 504 prolatis,
1268 437 1348 506 quae

278 551 343 619 quo
362 528 517 596 delectare
539 529 636 614 magis
657 547 752 618 quam
773 525 939 593 admonere
959 526 1147 608 viderentur,
1167 549 1205 594 eo
1225 529 1350 596 mollius

278 659 347 706 sese
373 638 406 704 in
433 637 596 705 hominum
616 636 737 704 animos
758 635 952 703 insinuarent
972 635 1211 725 pectoribusque
1233 637 1349 706 inhae-

279 757 392 818 rerem
433 747 501 816 Nec
516 747 592 835 quid
614 745 698 813 aliud
716 744 780 812 iere
800 745 834 812 in
852 743 900 812 his
920 745 1006 813 libris
1026 747 1085 814 sibi
1103 747 1249 815 volebant
1266 747 1349 813 ridi-

278 858 349 926 cula
371 857 424 923 illa
444 855 702 945 philosophorum
723 856 849 944 placita,
876 875 956 943 quae
975 855 1154 944 frequenter
1175 857 1349 926 cavillatum

279 987 347 1036 esse
365 967 540 1034 Varronem
556 987 651 1055 supra
665 965 808 1046 vidimus,
824 966 940 1054 quippe
961 965 1038 1033 nihil
1054 966 1156 1055 aptius
1174 965 1232 1033 hac
1254 989 1347 1034 oom-

280 1075 505 1145 memoratione
523 1083 646 1164 poterat
672 1097 740 1144 esse
768 1075 807 1143 ad
835 1075 961 1144 rudiora
981 1077 1104 1163 ingenia
1124 1075 1350 1146 liberalioribus

279 1187 389 1257 studiis
411 1185 603 1254 concilianda
627 1193 659 1251 et
683 1186 722 1253 ad
744 1185 992 1273 gravissimarum
1018 1207 1122 1254 rerum
1142 1187 1349 1274 cognitionem

280 1307 428 1385 tanqrraua
447 1294 665 1385 praeparanda
709 1296 782 1376 Quo
803 1295 918 1384 judicio
942 1317 981 1362 ne
1009 1295 1031 1363 ii
1055 1295 1182 1386 quidem
1202 1297 1265 1364 loci
1288 1320 1348 1365 en-

279 1406 423 1477 cludendi
455 1413 543 1487 sunt,
574 1405 629 1473 uhi
661 1405 777 1474 latiora
808 1413 1034 1488 memorantur,
1070 1407 1155 1474 velut
1184 1407 1216 1473 in
1239 1405 1349 1475 Satura

281 1521 388 1610 man,
409 1531 488 1602 περὶ
510 1529 647 1600 rapte:
665 1514 792 1595 „Quare
807 1507 984 1584 Heraclides
1003 1515 1151 1586 Ponticus
1171 1517 1242 1605 plus
1262 1519 1349 1606 sapit,

280 1630 335 1719 qui
357 1626 526 1718 praecepit,
553 1632 590 1692 ut
605 1623 823 1694 comburerent
845 1633 900 1712 (se
920 1633 1092 1708 mortuos),
1113 1647 1207 1715 mam
1222 1627 1348 1694 Demo-

280 1739 390 1819 critas,
413 1737 468 1826 qui
488 1742 525 1804 ut
546 1735 579 1801 in
599 1733 692 1802 melle
711 1744 879 1803 servarent
922 1735 1025 1818 Quem
1047 1736 1074 1802 si
1093 1737 1202 1824 vulgus
1225 1749 1349 1805 secutus

279 1858 371 1932 essm,
390 1869 526 1938 peream,
545 1845 571 1912 si
590 1853 715 1912 centum
734 1844 869 1912 denariis
889 1845 1014 1913 calicem
1031 1845 1123 1914 mulsi
1143 1867 1245 1912 emere
1266 1866 1349 1934 pos-

281 1961 360 2040 sis.“‚
390 1967 444 2027 aut
465 1957 499 2024 in
520 1956 756 2025 Eumensiliius:
792 1953 1015 2043 „Empedocles
1036 1963 1125 2023 natos
1145 1955 1289 2024 homines
1312 1980 1351 2027 ex

280 2079 362 2140 terra
383 2068 426 2136 ait
443 2075 479 2135 ut
497 2067 637 2135 hlitum.“
671 2065 751 2134 Sunt
769 2066 852 2132 enim
873 2066 957 2154 ipsae
978 2065 1037 2134 hae
1056 2065 1245 2134 laudationes
1268 2066 1351 2149 illae,

280 2183 362 2250 inter
381 2200 458 2269 quas
478 2178 578 2245 Varro
600 2175 813 2266 philosophiae
834 2176 867 2242 in
888 2177 1064 2266 Menippeis
1086 2177 1218 2244 seribere
1240 2175 1350 2255 voluit,

281 2314 344 2385 quo
365 2289 484 2358 lucilius
503 2287 607 2356 minus
623 2286 706 2354 docti
722 2286 929 2376 intelligerent
947 2287 1038 2354 simul
1053 2284 1244 2376 jucunditate
1265 2305 1350 2374 qua-

281 2388 351 2469 dam
372 2402 410 2469 ad
428 2400 592 2487 legendum
609 2398 823 2479 invitarentur,
841 2407 877 2467 ut
897 2399 963 2486 ipse
980 2398 1182 2487 profitebatur
1204 2396 1236 2462 in
1251 2396 1348 2463 (lice-

281 2512 366 2582 ronis
385 2510 532 2581 Academ.
553 2509 572 2576 l.
595 2509 615 2575 l.
657 2507 856 2597 Quamquam
878 2510 1026 2589 multum,
1053 2508 1085 2574 ni
1105 2507 1209 2586 fallor,
1236 2526 1349 2573 avero

279 2622 485 2702 aberraveris,
510 2620 552 2700 si,
572 2637 650 2708 quas
672 2618 902 2699 ,‚laudationes“
922 2619 1021 2685 Varro
1041 2616 1129 2697 dicit,
1155 2614 1248 2683 modo
1269 2614 1348 2704 phi-

281 2730 454 2818 losophicas
482 2749 532 2796 res
551 2736 734 2796 memoratu
758 2728 865 2815 dignas
892 2728 1160 2817 comprehendisse
1185 2724 1349 2815 putaveris.

280 2844 348 2908 lmo
384 2838 444 2904 hae
480 2837 686 2915 laudationes,
729 2856 806 2925 quas
841 2858 908 2905 esse
947 2838 1167 2925 antiquitatum
1202 2844 1349 2923 tanquam
1463 2814 1464 2855 ³

280 2945 439 3038 prooemia
454 2944 580 3034 judicat,
593 2945 725 3033 pervarii
746 2954 834 3013 erant
852 2955 884 3013 et
898 2947 1076 3035 multiplicis
1093 2946 1222 3034 generis,
1235 2946 1350 3033 quippe

280 3080 360 3148 quae
373 3055 570 3147 pertinebant
587 3056 680 3121 etiam
699 3055 738 3121 ad
755 3055 894 3123 instituta
907 3065 1047 3125 veterum
1063 3064 1127 3123 tam
1137 3058 1350 3123 Romanorum
1463 3054 1464 3127 l

280 3192 374 3260 quana
391 3168 563 3236 alienorum
586 3166 787 3255 populorum,
818 3166 857 3233 ad
880 3167 1043 3234 cleriorum
1066 3166 1200 3234 virorum
1220 3170 1350 3230 strenus

279 3282 358 3349 iacta
377 3288 433 3348 aut
453 3277 698 3366 pantardum,
726 3275 765 3344 ad
786 3275 961 3355 historiam,
989 3274 1027 3343 ad
1049 3274 1284 3363 mythologiam
1311 3274 1349 3339 ad

279 3393 380 3458 cultus
402 3398 433 3456 et
450 3409 552 3457 sacros
571 3388 665 3465 ritus,
693 3386 828 3473 denique
849 3385 888 3452 ad
912 3385 1017 3453 omnia
1038 3406 1090 3465 ea,
1118 3404 1196 3473 quae
1220 3404 1350 3448 memo—

280 3499 423 3565 rabiliora
444 3498 477 3563 in
496 3504 562 3561 tota
582 3495 766 3580 antiquitate
785 3502 960 3562 occurrunt.
1003 3495 1145 3576 Quarum
1163 3512 1268 3559 rerum
1286 3512 1349 3558 va·
1394 3542 1397 3551 ,

279 3607 421 3672 rietatem
437 3602 691 3690 jucundissimam
713 3624 731 3669 a
752 3604 872 3671 Saturis
893 3627 957 3672 non
976 3604 1108 3671 alienam
1130 3603 1225 3669 luisse
1251 3600 1348 3665 testi-

280 3715 385 3781 monia
399 3711 645 3799 aliquammulta
670 3712 702 3779 in
730 3722 879 3802 promptu
902 3722 984 3781 sunt
1026 3716 1063 3780 ln
1087 3712 1157 3781 libri
1187 3710 1268 3798 ejus,
1295 3710 1350 3795 qui

279 3822 456 3890 inscribitur
471 3831 563 3898 Ἅλιος
587 3828 678 3899 οὗτος
695 3832 851 3909 Ἡρακλῆς,
877 3822 1049 3911 fragmento
1069 3822 1203 3910 quodam
1231 3839 1248 3882 a
1269 3817 1349 3885 hla-

278 3932 383 4002 crohio
410 3938 531 3998 servato
554 3937 744 3996 memoratur
768 3930 807 3997 de
832 3933 943 3999 Martis
968 3954 1040 4001 eum
1065 3930 1204 4001 Hercule
1226 3946 1349 4013 cogna-

277 4045 376 4113 tione:
398 4063 437 4107 ex
451 4039 560 4106 Satura
576 4039 718 4106 necata
733 4041 829 4107 Tuum
840 4042 944 4109 Fiden
965 4041 1111 4129 inscripta
1131 4040 1253 4125 aliquot
1268 4055 1348 4100 ver-
