2934 4750
19 502 23 583 i

342 256 543 309 adnomen
564 257 795 311 neurrttdauu
816 258 1000 318 naorournn.
1140 243 1202 308 tvl

150 421 238 474 xcii.
284 421 500 476 ΤΡΙΟΔΙΤΗΣ
527 422 759 490 ΤΡΙΠΟΑΙΟΣ,
789 423 885 476 ΠΕΡΙ
911 424 1065 476 ΑΡΕΤΗΣ
1089 427 1183 480 KTH-

610 505 726 558 ΣΕΩΣ.

203 615 279 663 coto.
300 615 373 662 tdoeii
391 615 499 671 uriomm
521 614 709 671 inecriottnuem
728 615 816 672 nanim
837 615 912 664 odunt
934 618 980 676 „v.
1002 612 1137 666 Triitotiite
1153 616 1201 666 tri-

130 677 231 742 !vit'tt“,
246 684 347 739 nertin:
361 685 409 742 „v.
424 677 558 730 dimutto
574 679 675 744 tritiiio,
687 683 745 740 (vet
758 679 902 745 Trtpdytto,
912 690 954 730 aut
971 680 1099 748 tripoda,
1114 692 1139 734 ut
1155 689 1201 732 dn-

135 753 279 810 dentium,
307 753 472 801 Laurend.,et
490 749 595 808 diere),
625 756 648 796 ct
670 753 749 798 eemai
768 753 814 808 ‚,V.
836 747 970 800 'iiiitodt‘te
991 747 1111 814 tripolio,
1135 755 1200 808 quod

135 817 208 863 unice
225 829 313 866 verum
331 823 378 864 eet.
415 817 501 864 Altera
514 816 642 872 inscriptio
658 824 773 874 corrupte
790 819 815 864 ln
833 817 909 865 Codd.
927 821 1030 865 tradetur
1049 811 1113 880 περὶ
1134 809 1201 879 ἄρε-

133 874 252 944 ridens,
275 885 346 941 (vait
363 879 423 946 peri
438 884 600 944 meterem),
624 877 688 945 περὶ
705 872 775 945 ἀπῆς
791 875 938 945 noviomor,
958 889 1001 932 vei
1018 880 1081 946 περὶ
1098 877 1201 948 ἀρετῆς

132 941 281 1012 καιὴσεωε.
302 952 368 1010 Aid,
383 953 439 998 iun.
456 953 658 1008 cruentantem.
672 951 809 1000 interibunt
824 945 886 1011 neci
896 942 1002 1012 Ἀρετῆς
1016 946 1062 1000 καὶ
1078 944 1199 1011 Φύσεως,

131 1019 178 1066 aed
202 1020 294 1069 recidua
314 1023 455 1078 diercerut,
481 1018 524 1074 uui
545 1020 635 1075 uticam
655 1011 720 1080 περὶ
740 1008 846 1079 Ἀρετῆς
868 1010 999 1079 Ktt'yoeotu
1022 1023 1198 1068 emendandum

131 1097 194 1133 eote
212 1085 327 1149 contecti.
350 1107 384 1118 -
410 1079 558 1147 Totodirnc
575 1093 657 1135 autern
678 1077 830 1150 Τριπόλιος
846 1085 981 1143 Venonis,
1004 1086 1031 1132 ni
1049 1087 1137 1146 failor,
1160 1094 1199 1136 eot

130 1155 206 1199 domo
225 1154 321 1212 dictae,
349 1153 391 1210 qui
412 1155 481 1200 ouiio
503 1155 590 1200 artium
609 1155 759 1204 virtutumve
781 1164 873 1209 genere
891 1158 965 1199 antea
982 1151 1106 1200 institutus
1128 1159 1199 1211 post·

131 1229 206 1274 quam
222 1221 249 1267 in
265 1221 345 1268 trivida
362 1224 441 1269 temet
458 1223 587 1269 contenuit
610 1228 685 1279 atoue
701 1221 824 1278 incanuit,
845 1220 896 1268 titis
917 1229 969 1266 non
988 1221 1096 1276 omnum
1117 1225 1199 1276 notent

132 1288 258 1335 mareon.
279 1311 316 1322 -·
338 1290 376 1335 ite
398 1295 543 1344 argumento
560 1294 666 1337 flaturae
684 1290 747 1336 varii
764 1289 835 1335 varie
856 1287 905 1336 eidi
921 1288 1106 1347 excogitarunt,
1134 1298 1199 1342 nuto

131 1357 174 1402 dic
190 1356 334 1411 singulatim
350 1357 493 1405 adscribere
509 1359 592 1411 iuvet.
626 1361 733 1406 'durneto
756 1359 820 1406 Adv.
842 1357 922 1414 xvii,
940 1353 983 1401 et.
1004 1358 1068 1406 dece
1084 1356 1198 1407 eduotttr

131 1424 243 1481 „citatur
259 1427 337 1472 verro
353 1424 380 1471 in
395 1420 520 1472 triitotiite
536 1421 637 1486 trifolio
654 1424 738 1484 (ato),
760 1416 822 1482 περὶ
843 1411 1016 1490 ἅρετῆςγὲως
1033 1422 1110 1480 (etc).
1144 1425 1198 1478 drgo

131 1489 170 1538 eie
198 1503 317 1538 censeam
342 1491 487 1548 inscriptam
513 1493 617 1547 satiram
646 1487 762 1538 miniato
792 1485 933 1550 Trifolium
957 1496 1059 1548 propter
1079 1489 1199 1546 triplicem

131 1558 235 1605 vivendi
251 1565 355 1617 sectam,
371 1559 563 1619 voluptuarium,
579 1559 605 1605 in
622 1559 770 1614 cogitatione
787 1563 811 1604 et
828 1557 1034 1613 contemplatione
1053 1562 1198 1612 occupatam

132 1630 156 1669 ct
172 1626 198 1672 in
215 1627 313 1672 actione
329 1627 450 1683 positam:
472 1629 513 1670 vei
533 1626 615 1682 notite
633 1631 665 1674 ott
681 1628 727 1673 tria
745 1630 865 1673 donorum
883 1636 986 1684 genera,
1004 1625 1090 1684 animi,
1108 1635 1198 1679 corno·

130 1692 180 1751 rio,
195 1691 288 1740 vitae“.
322 1693 528 1749 itiiteri’onmt,
546 1694 600 1750 uui:
619 1692 760 1753 „ctnnot,“
784 1693 875 1752 mouit,
893 1693 1034 1752 „hominem
1052 1704 1103 1740 noo
1120 1703 1197 1748 notae

131 1763 283 1806 contendero
300 1761 424 1808 adverada
441 1761 613 1815 impendentes
630 1762 698 1808 vitae
714 1762 877 1818 emunitates,
894 1760 943 1808 nial
958 1761 1077 1808 muretum
1094 1759 1197 1808 mstdna

130 1828 319 1885 exercitatione,
338 1832 411 1881 atoue
425 1827 570 1874 instructum
585 1828 610 1874 in
628 1830 695 1875 omni
708 1840 800 1885 genere
815 1827 912 1874 virtutis
930 1833 953 1873 et
967 1828 1094 1875 scientiae.
1112 1850 1146 1860 -
1162 1850 1196 1860 —

128 1895 195 1940 iiiuc
214 1894 297 1940 titulus
311 1889 427 1942 iiiotiite
444 1891 561 1955 trisoiitte
580 1895 648 1953 (alc)
667 1899 709 1942 vei
726 1888 844 1955 rotodtri
860 1895 929 1951 (tic)
947 1886 1097 1954 τριφώλιος
1115 1893 1195 1950 (stom

129 1973 180 2016 quo
199 1961 349 2016 aignidcatnr
368 1965 444 2008 domo
460 1968 578 2009 constane
596 1969 619 2008 et
638 1965 777 2024 exercitus,
795 1963 837 2018 qui
851 1963 877 2009 in
894 1975 924 2010 oe
939 1962 1106 2011 drmieaimvm
1122 1973 1196 2019 orae·

129 2030 221 2076 eddium
237 2031 311 2076 natet
330 2029 454 2077 adterere
470 2033 537 2081 mela
554 2031 637 2090 animi,
655 2032 768 2088 cornorla
785 2038 810 2076 at
826 2031 952 2076 fortunae:
970 2033 1013 2077 vei
1028 2031 1071 2084 qui
1085 2035 1124 2076 eet
1138 2040 1196 2074 ver-

129 2102 201 2143 actuo
220 2096 246 2142 in
262 2097 351 2152 tripiici
368 2107 460 2152 genere
481 2098 580 2145 virtutis
601 2099 723 2157 civitae,
753 2098 847 2156 otioso,
875 2102 978 2143 uctuoao
998 2101 1075 2140 etex
1093 2101 1195 2148 utroque

128 2169 274 2220 temperato.
311 2155 471 2223 Τριφώλιος
483 2170 612 2220 constane,
625 2165 730 2222 peritur,
742 2163 781 2208 oui
797 2163 946 2208 contrarium
963 2152 1127 2218 ἀποφώλιος
1136 2160 1195 2218 (ιι),

128 2243 213 2278 vanua
232 2237 255 2274 et
273 2228 413 2275 indoctue“.
447 2235 575 2276 ttcrccrue
593 2229 698 2284 denique
717 2229 766 2285 [ad
781 2231 844 2274 Non.
862 2239 885 2282 n.
902 2224 977 2281 edo.)
1000 2229 1065 2272 daec
1081 2227 1195 2273 adnotat:

128 2301 326 2358 ,dirgomentam
342 2297 408 2340 dori:
425 2297 511 2343 vtrtoo
528 2307 544 2341 a
559 2301 656 2352 natum,
675 2305 707 2342 ao
726 2285 867 2346 διδακτός.
901 2293 1003 2340 Videtur
1018 2294 1145 2350 docuisse,
1164 2295 1196 2338 ad

127 2378 187 2413 cam
201 2363 375 2424 perficiendam
390 2363 438 2410 trie
454 2363 547 2422 neren,
566 2369 679 2410 naturam
695 2363 787 2421 primo,
807 2361 1027 2421 duodecumam,
1045 2371 1108 2415 uuae
1127 2360 1195 2406 iliam

128 2434 255 2491 intormet3
281 2433 346 2495 quod
369 2432 452 2477 docuit
473 2434 590 2487 exemplo
614 2432 721 2477 tolutarii
740 2430 809 2489 anui,
835 2430 876 2484 uui
894 2428 990 2475 tametsi
1007 2434 1081 2475 natue
1100 2430 1132 2475 ad
1149 2439 1196 2475 ve·

128 2502 247 2560 nentium,
262 2504 345 2545 tameo
360 2501 461 2546 traditur
474 2500 601 2558 magiatro,
618 2500 658 2554 uni
676 2498 815 2545 tolutarium
830 2497 932 2553 gradum
951 2498 1052 2543 doceat:
1070 2502 1195 2551 noatromo

128 2580 203 2615 naum
230 2574 255 2613 et
281 2568 497 2626 exercitationem,
527 2569 568 2622 uui
595 2572 724 2622 utramque
753 2565 869 2621 perdetur.
914 2566 941 2610 td
959 2558 1052 2609 'docuit
1078 2565 1195 2619 exempto

129 2638 280 2693 pytnaotae,
302 2636 343 2689 uui
364 2636 509 2691 unusquam
530 2636 556 2680 io
577 2638 706 2681 oroneatrt
722 2634 795 2681 tibica
818 2632 895 2691 iatet,
920 2632 986 2677 domi
1004 2642 1067 2678 anae
1088 2631 1195 2679 ramioen

128 2705 226 2761 rumpit.
260 2704 323 2749 iiiuc
339 2703 424 2750 titulun
438 2703 492 2749 iibri
507 2698 642 2749 'i'riitodite
655 2702 723 2759 (sic)
739 2696 841 2761 trifolio
854 2699 931 2759 (sic),
946 2710 978 2745 an
994 2695 1103 2761 tripyiio
1114 2697 1194 2755 [eio):

129 2772 189 2828 uuio
203 2771 282 2818 tditua
303 2770 361 2832 tile,
377 2770 457 2818 tridua
480 2771 559 2827 nortio
574 2772 718 2827 pervenitur
733 2772 766 2816 ad
784 2765 922 2814 virtutem“.

152 2887 180 2951 l.
214 2884 399 2972 Priusqtrunr
425 2886 458 2950 in
485 2886 642 2951 oroheatre
666 2884 827 2973 pythaules
855 2882 941 2948 inflet
968 2872 1074 2960 tibias,
1111 2879 1195 2945 dorni

214 3015 288 3060 suae
309 2996 438 3061 ramices
462 2995 586 3082 rumpit

149 3106 180 3169 2.
213 3103 275 3170 Sed
290 3112 328 3171 ut
349 3126 462 3190 equae,
486 3104 539 3191 qui
564 3104 603 3169 ad
619 3102 794 3171 vehendum
819 3107 992 3174 testudine,
1021 3106 1125 3161 tamen
1146 3096 1195 3158 hio

214 3212 346 3277 traditur
367 3211 527 3294 magistro,
546 3218 584 3273 ut
601 3210 711 3293 equiso
732 3208 841 3271 doceat
861 3204 993 3269 tolutim.

150 3322 180 3387 3.
213 3318 294 3383 iilud
315 3338 389 3381 vero
415 3316 571 3400 quondam
593 3315 657 3398 egi,
690 3320 726 3378 ut
749 3332 806 3395 ego
831 3331 893 3372 non
915 3316 1051 3373 metuam
1071 3308 1195 3383 fulmen,
1300 3375 1306 3385 Ι

218 3446 281 3489 non
302 3422 473 3509 aruspicem
495 3422 630 3485 tristem:
653 3420 801 3485 simulans
821 3417 879 3481 diei
902 3438 964 3481 non
987 3437 1111 3502 quaero.

151 3538 182 3600 4.
216 3534 281 3600 Neo
303 3552 449 3597 coruscus
470 3530 583 3607 imber,
603 3529 666 3594 alto
686 3528 793 3595 nubilo
815 3527 926 3592 cadens
947 3524 1077 3603 multus,
1095 3544 1193 3609 gran-

216 3643 288 3708 dine
309 3640 483 3727 implicatus
507 3640 586 3705 albo.

199 3771 222 3817 1.
257 3769 309 3829 Ap.
333 3767 404 3816 Non.
422 3780 448 3828 ιι.
472 3764 537 3829 166,
563 3763 606 3814 1⁰.
629 3777 655 3813 v.
677 3761 807 3813 Ramicee
832 3760 962 3811 dicuutur
984 3759 1130 3821 pulmones
1151 3756 1195 3805 rei

35 3900 37 3904 ,
130 3852 234 3912 hernia„
251 3876 286 3887 -
301 3850 457 3913 Pytdauiee
477 3849 585 3911 quinam
604 3848 671 3911 nint,
688 3846 772 3897 docet
789 3846 886 3895 Horat.
906 3846 939 3895 A.
955 3842 987 3892 P.
1000 3857 1025 3893 v.
1044 3840 1120 3891 ild:
1141 3864 1193 3905 „—

130 3962 165 3976 -·
184 3934 231 4000 qui
248 3934 350 3999 Pythia
369 3936 465 3984 cantet
481 3932 598 3984 Tibicen
616 3929 714 3981 didicit
733 3928 812 3992 prius
836 3926 978 3989 timuitque
1000 3922 1194 3989 magistrum“‚

132 4025 160 4071 ct
173 4019 277 4085 itygin.
294 4018 348 4068 iob.
367 4017 439 4067 tit:
470 4016 542 4081 „iiie
559 4027 668 4081 quoque
683 4012 756 4067 ludia
774 4011 925 4075 pythuuiee
944 4009 990 4073 qut
1006 4008 1108 4071 Pythio
1125 4018 1193 4057 ean-
