2934 4750
337 350 532 394 seruaturus
554 351 785 396 usurorasnull
808 351 990 408 usuloulsn.
1136 332 1198 394 lli

132 517 272 567 terserunt
288 519 366 582 icta,
390 520 437 568 vel
446 517 535 583 jacta
553 520 599 568 vel
615 522 677 571 ista
693 522 743 570 aut
759 520 839 585 ictu,
860 530 915 582 quo
930 519 1046 570 metrum
1065 517 1194 570 violatur.

131 604 244 653 ruentes
261 597 300 664 ej.
318 602 433 664 Popma.
467 604 673 668 pertimuerint
687 606 766 668 lum,
783 605 884 668 Marc,
901 604 1041 654 Laureab.
1075 606 1196 668 orariu-

130 689 254 737 uueruut
269 683 308 750 ej.
323 686 464 751 scaliger,
480 688 514 737 de
529 688 715 752 prognostico
727 688 823 740 imbris
841 688 1053 751 interpretatus.
1087 688 1195 750 Inepte.

131 769 303 820 Gerlachium
321 771 387 834 quid
403 783 524 833 unquam
541 785 655 823 movere
673 772 812 838 notuerit,
833 777 864 823 ut
879 771 1023 837 ficedulae
1040 784 1092 834 pro
1110 784 1196 838 quer-

130 855 268 917 scedulae
290 855 436 918 legendum
458 868 525 905 esse
549 854 722 922 conjiceret,
755 869 810 920 ego
835 857 941 920 quidem
966 869 1023 908 non
1044 869 1193 920 assequor.

128 939 167 987 lle
184 941 374 1002 querquedula
392 939 439 990 avi
457 954 484 989 v.
503 941 587 991 Varr.
605 944 639 991 Ι..
658 943 692 990 Ιι.
710 943 746 1005 V,
765 941 807 991 79.
825 943 868 991 ed.
882 940 963 991 mill.
997 943 1031 991 Β.
1045 943 1080 991 Β.
1098 941 1149 1006 lll,
1167 942 1192 990 a.

127 1025 154 1071 et
172 1023 231 1087 11.,
262 1025 296 1075 ad
321 1036 401 1087 quem
421 1026 515 1076 locrrm
533 1027 648 1078 multum
666 1025 854 1077 hallucinatus
875 1028 920 1075 est
940 1025 1101 1076 Schneider.
1137 1023 1194 1075 Go-

125 1106 190 1156 lum.
209 1107 244 1156 dc
259 1108 293 1156 Β.
308 1110 343 1157 Β.
361 1111 441 1176 vill,
468 1109 509 1159 11.
543 1112 634 1160 llecte
650 1111 766 1161 Dlidcrl.
784 1110 908 1172 Etymol.
927 1112 993 1158 tom.
1011 1110 1064 1174 vl,
1085 1123 1112 1170 p.
1133 1107 1193 1158 2⁹7.

125 1193 351 1256 querquedalam
367 1206 466 1244 vocem
483 1194 525 1244 ait
541 1194 739 1245 deminutivum
757 1205 823 1243 esse
841 1205 859 1243 a
875 1187 979 1254 κερκίς,
1004 1195 1035 1241 nt
1052 1193 1195 1254 acredula

125 1276 158 1324 ab
179 1268 270 1339 ἀκρίς.
304 1275 420 1342 litorio,
443 1279 517 1341 quod
532 1280 657 1342 ilesych.
672 1277 796 1341 explicat
811 1289 863 1340 per
877 1267 952 1336 elios
970 1268 1086 1338 ὀρνέου,
1109 1274 1195 1326 resti-

126 1360 256 1410 tuendum
272 1362 395 1414 arbitror
410 1375 477 1414 esse
494 1362 578 1413 etiam
595 1364 625 1414 in
642 1365 725 1416 Varr.
744 1365 778 1414 b.
795 1364 830 1413 L.
846 1362 865 1409 l·
883 1361 918 1425 l·‚
949 1358 995 1411 ilbi
1014 1359 1094 1410 ⁰⁰³⁶·
1112 1369 1195 1420 orae-

124 1445 190 1494 bent
206 1443 329 1510 κερκερίς
349 1448 396 1498 vel
410 1445 565 1512 menoccle.

225 1648 313 1697 XXX.
348 1649 416 1697 EST
443 1649 567 1699 mooli!
593 1651 783 1715 MATULAE,
818 1643 915 1698 ΠΕΡΙ
940 1645 1091 1697 ΜΕΘΗΣ.

193 1756 323 1811 inscriptio
346 1755 401 1802 libri
418 1757 586 1817 lepidissima,
609 1770 681 1813 uuam
700 1761 808 1815 explicat
828 1762 934 1806 Turueh.
954 1759 1018 1803 hdr.
1038 1755 1116 1812 livii,
1135 1750 1192 1798 at:

122 1828 234 1881 „satyra
252 1824 372 1871 Varronis
388 1827 510 1879 quaedam
525 1827 705 1874 inscribebatur
724 1825 774 1876 Est
792 1823 887 1874 Modus
905 1821 1025 1872 Merulae
1042 1826 1093 1881 val,
1111 1826 1136 1868 ul
1150 1820 1193 1867 aiii

123 1893 243 1950 scribunt,
264 1890 300 1939 lit
318 1889 414 1938 Modus
438 1890 544 1940 Moiula
565 1895 628 1950 (hoc
645 1899 727 1943 solum
746 1897 771 1942 ln
789 1899 846 1942 loco
864 1899 926 1941 Non.
947 1905 970 1949 o.
988 1892 1018 1950 5,
1038 1890 1103 1947 iel·
1139 1892 1192 1945 0¹¹⁸

122 1960 284 2015 inscriptione
300 1963 415 2007 monebat
432 1963 597 2010 adhibendum
619 1967 717 2011 modom
742 1964 918 2020 comparationi
936 1968 959 2008 et
977 1960 1096 2008 ebrietati.
1130 1962 1192 2004 liam

122 2031 249 2074 ematula
264 2036 348 2084 polum
365 2029 522 2090 signidcavit,
541 2044 597 2078 cnm
615 2034 695 2079 cltum
712 2033 845 2080 sicciorem
862 2033 887 2078 lu
904 2037 1025 2088 ventrem,
1038 2027 1193 2084 liquidiorem

122 2097 146 2142 ln
165 2097 276 2143 vesicam
294 2099 447 2145 descendere
469 2097 626 2146 censereul.“
661 2102 823 2147 Proverblum
845 2099 918 2154 igilur
940 2104 1036 2158 monet,
1064 2099 1192 2150 compota·

121 2165 183 2210 lionl
198 2165 269 2211 inem
284 2165 423 2212 iaciendum
438 2179 510 2227 esse,
534 2180 609 2222 onum
625 2171 716 2224 bienna
733 2171 783 2215 sint
800 2169 907 2214 matulae
923 2165 1013 2211 iactas.

146 2265 174 2328 l.
209 2262 301 2329 Bolia
320 2272 414 2349 atque
433 2265 598 2351 apothecas
617 2265 810 2343 tricliniares,
828 2263 961 2340 melicae,
978 2260 1108 2327 Galenus
1127 2256 1192 2320 oh-

208 2374 265 2439 has
284 2380 317 2437 et
338 2371 494 2438 Cumanos
515 2374 634 2438 calices.

140 2486 173 2549 2.
208 2483 288 2562 Quis
307 2481 339 2546 in
361 2481 445 2546 omni
464 2482 527 2547 vita
548 2480 642 2546 heluo
659 2499 732 2550 πίων
749 2494 839 2558 δέπας
857 2480 959 2546 olfacit
977 2477 1150 2544 temetum?

142 2596 174 2661 3.
206 2593 355 2659 Ismenias
372 2592 423 2656 hic
443 2590 643 2676 Thebogencs
664 2590 733 2656 ssuit
754 2598 903 2657 scalurex.

142 2708 173 2769 1.
208 2705 258 2769 Tu
277 2722 371 2787 cupas
396 2700 529 2767 vinarias
556 2701 674 2787 sirpare
693 2701 772 2766 noli:
808 2699 885 2767 adde
910 2698 1053 2787 cyathum
1076 2693 1138 2761 vini
1161 2693 1192 2758 in

209 2789 375 2877 uxorculae
397 2796 633 2905 virlopocilluml
643 2839 647 2847 ·

142 2924 174 2987 5.
209 2922 280 2988 Nou
293 2917 392 2987 'vides
421 2921 503 3008 ipsos
522 2923 621 3000 Deos,
655 2922 681 2988 si
709 2921 834 3009 quando
863 2920 970 2986 volunt
991 2924 1114 3003 gustare
1136 2915 1190 2980 vi-

209 3054 300 3109 num,
336 3030 483 3117 derepere
506 3024 544 3097 ad
566 3032 728 3099 homiuum
748 3033 833 3111 iana,
867 3040 898 3097 et
919 3038 1023 3099 tamen
1045 3022 1190 3110 tum'ipsi

210 3143 253 3208 illi
270 3141 383 3207 Lihero
404 3144 557 3229 simpuvio
578 3144 735 3208 minitari?

145 3254 175 3319 o.
209 3254 291 3318 Vino
313 3250 390 3315 nihil
408 3251 575 3338 jucundius
595 3253 760 3339 quisquam
781 3250 869 3326 bibit,

211 3363 279 3426 Hoc
298 3359 523 3445 aegritudinem
545 3360 584 3424 ad
601 3358 784 3424 medendam
805 3357 998 3429 invenerunt,

209 3472 278 3536 Hoc
300 3469 462 3535 hilaritatis
482 3467 571 3534 dulce
591 3467 800 3546 seminarium,
844 3496 846 3501 ·

208 3581 277 3645 Hoc
298 3578 436 3645 continet
453 3578 614 3664 coagulum
638 3578 785 3644 convivia.

193 3722 218 3771 1.
253 3726 306 3785 Ap.
324 3723 396 3772 Non.
412 3736 440 3784 p.
459 3722 523 3787 111,
548 3722 573 3772 9.
591 3737 617 3772 v.
635 3722 726 3785 Obba,
744 3721 839 3784 poculi
856 3732 946 3785 genus
965 3734 1024 3782 -.;
1041 3733 1067 3782 p.
1088 3716 1149 3779 111,
1167 3717 1191 3765 1.

126 3821 153 3856 v.
171 3805 263 3872 Obba,
287 3807 384 3869 poculi
402 3820 493 3870 genus
512 3808 558 3857 vel
574 3806 698 3870 ligneum
715 3807 761 3856 vel
777 3819 813 3856 ex
830 3811 941 3868 sparto;
968 3819 996 3866 p.
1013 3804 1080 3866 111,
1106 3801 1148 3851 11.
1166 3816 1192 3851 v.

126 3890 225 3955 Bolia,
257 3895 286 3940 et
302 3905 329 3954 p.
346 3890 412 3956 111,
441 3893 484 3942 22.
500 3908 527 3941 v.
545 3891 668 3942 calices.
690 3918 726 3929 ·-
751 3893 910 3954 Apothecae
935 3889 1107 3941 tricliniares
1125 3888 1193 3947 puto

127 3986 192 4024 esse
212 3974 335 4025 minores
359 3978 512 4037 apothecas
537 3978 571 4027 ad
595 3976 720 4028 triclinia
742 3989 803 4026 cnm
822 3976 933 4040 lagenis
950 3986 1061 4035 semper
1080 3973 1193 4032 paratas

126 4061 282 4125 adstantes,
298 4063 523 4123 quemadmodum
539 4067 656 4112 nostrae
669 4058 950 4126 „Flasebenluirbe“.
974 4056 1095 4107 Melicae
1105 4052 1193 4101 obbae

127 4158 198 4207 quae
221 4144 279 4197 sint
301 4158 318 4194 a
341 4147 419 4197 nullo
444 4147 573 4199 traditum
596 4150 650 4197 est.
686 4146 809 4197 Forccll.
833 4145 861 4197 in
885 4146 941 4193 lex.
964 4142 1050 4191 refert
1073 4136 1194 4188 melicus
