2934 4750
274 233 319 295 58
666 249 771 294 carue
795 249 952 294 rursus.

359 415 424 482 Sub
444 415 705 500 Logistorioorum
731 415 857 482 nomine
882 414 1063 500 adieqmtir
1086 435 1106 478 a
1126 413 1338 482 Grammaticis

273 526 306 591 hi
328 533 462 612 quatuor
483 523 570 590 libri:
594 525 627 603 1)
642 524 740 603 distas,
755 525 798 591 ‘de
809 525 927 592 Laterii
941 522 1126 590 mamm.
1168 528 1244 610 (Ap
1261 523 1336 592 deit

274 634 414 712 i.1v,e.
438 633 536 700 lact
559 633 713 713 1.11Χ,ο.
739 635 788 698 il.
827 634 864 712 2)
883 633 1014 710 Haisa,
1033 633 1230 700 ΗΜ
1266 638 1336 719 (Ap.

273 741 410 809 Macrob.
432 741 554 810 Saiurn
572 742 592 808 t
608 743 649 822 Π,
669 763 695 807 a
717 743 767 807 ia
786 750 819 809 et
838 763 886 830 ap.
903 743 1034 830 Interpr.
1051 743 1138 829 Virg.
1155 742 1197 809 ab
1215 741 1335 827 angeio

271 852 357 920 Maio
373 851 446 918 edit
462 851 495 917 in
509 856 586 917 Aen
602 851 700 932 ivri,
717 873 745 918 v.
758 849 833 919 dai.
854 874 884 939 p.
898 851 971 918 aad.
988 851 1153 931 edLion)
1195 850 1233 930 3)
1249 852 1334 920 iia-

271 961 350 1039 sato,
376 961 413 1027 de
442 961 618 1028 Valetudine
660 965 733 1048 (Ap.
755 961 846 1027 Prota
870 961 904 1026 in
931 962 1016 1047 Virp.
1040 961 1107 1028 Eoi.
1132 962 1194 1039 Vl,
1219 981 1248 1028 v.
1271 961 1333 1038 31.)

270 1073 306 1148 4)
327 1071 451 1149 Tradere,
472 1070 510 1138 de
531 1071 658 1158 Oriqioe
677 1073 830 1165 lismona
855 1075 931 1157 (Ap.
948 1069 1041 1137 eund.
1060 1069 1149 1150 ibid)
1191 1069 1333 1149 Quorum

271 1179 418 1246 librorum
440 1179 654 1267 inscriptiones
674 1180 728 1266 qui
747 1180 795 1245 vei
817 1180 918 1246 obiter
936 1180 1166 1259 examinaverit,
1184 1200 1258 1248 aum
1272 1201 1333 1246 non

270 1287 390 1367 latebit,
425 1309 533 1356 omnes
558 1290 591 1356 in
618 1289 668 1356 his
691 1289 786 1355 rebus
812 1288 894 1354 inter
920 1309 955 1354 se
979 1288 1160 1368 οοονοιιίιο,
1189 1288 1331 1376 primum,

269 1397 352 1484 quod
380 1418 465 1464 more
485 1399 612 1464 Latiam
624 1385 707 1464 vsunt
728 1419 785 1464 neo
806 1397 924 1466 Graeca
946 1397 1094 1466 voeabula
1113 1396 1250 1464 admixta
1269 1397 1331 1466 ha-

269 1507 358 1586 beut,
388 1528 426 1574 ex
448 1507 561 1593 quibus
582 1515 666 1574 certo
686 1508 725 1574 ad
745 1515 866 1595 partem
883 1516 1026 1575 conatam
1042 1508 1213 1594 permultos
1232 1506 1331 1574 Satu-

268 1635 372 1681 rarum
390 1615 498 1681 titulos
519 1615 665 1691 vidimus;
686 1616 806 1696 deinde,
825 1617 909 1704 quod
931 1618 1017 1705 prior
1035 1617 1245 1704 inscriptionis
1262 1637 1330 1704 pari

267 1730 444 1790 constanter
461 1745 518 1810 per
535 1745 649 1790 nomen
666 1726 791 1811 aliquod
809 1727 969 1813 proprium
988 1727 1121 1794 efficitur
1136 1731 1184 1804 1);
1204 1734 1238 1792 et
1257 1725 1331 1793 daeo

267 1831 392 1918 quidem
413 1832 476 1900 duo
498 1833 611 1899 indicia
636 1841 701 1900 tam
728 1843 811 1902 certa
837 1837 1084 1915 ascendantur,
1116 1843 1152 1903 ut
1174 1855 1212 1900 ea
1233 1835 1330 1902 secuti

267 1940 463 2025 Logistoriois
495 1941 741 2010 adnumerandos
769 1965 837 2010 esse
864 1945 1017 2011 affirmare
1041 1944 1207 2012 audeamus
1234 1942 1330 2009 libros

265 2049 413 2116 Varronis
432 2071 549 2130 omnes,
570 2059 724 2139 quotquot
745 2055 804 2120 sub
824 2054 961 2142 ejusdam
981 2054 1093 2142 speciei
1113 2051 1330 2139 inscriptioni-

264 2158 323 2224 bus
349 2159 536 2245 adiegentur.
583 2162 785 2228 vindicamus
810 2183 884 2249 ergo
910 2185 1018 2230 eorum
1048 2162 1166 2230 nomini
1194 2162 1328 2248 primum

264 2287 319 2333 sor
344 2266 417 2335 hos:
454 2271 486 2349 1)
510 2271 653 2349 damam,
684 2272 721 2337 de
744 2273 892 2355 Nesimi
936 2278 1009 2358 (Ap.
1030 2270 1190 2338 Censorin.
1211 2270 1251 2337 de
1269 2270 1328 2336 iiie
1451 2332 1452 2355 ,

262 2376 332 2445 Nat.
352 2400 377 2445 c.
398 2380 428 2445 2.
470 2380 550 2471 Alii,
577 2388 614 2447 ut
635 2383 800 2468 Angristin
818 2382 857 2449 de
875 2380 1045 2449 Grammat.
1066 2401 1095 2468 p.
1114 2379 1184 2447 183.
1208 2389 1284 2449 tom.
1303 2383 1327 2458 1,
1451 2370 1452 2378 ¹

263 2484 310 2552 ed.
328 2487 461 2568 Erasm,
490 2496 523 2554 et
547 2488 650 2557 Rufio.
671 2492 704 2556 in
726 2491 854 2578 Antiqu
872 2489 999 2557 Rhetor.
1020 2490 1069 2556 ed.
1092 2488 1172 2554 Pith.
1199 2510 1230 2576 p.
1254 2488 1325 2568 318,

262 2594 441 2682 simplicitas
459 2598 525 2677 ,De
545 2599 704 2667 Μ’
730 2599 841 2678 citant,
876 2598 979 2685 priore
1006 2599 1098 2665 tituto
1123 2598 1248 2665 omisso.
1290 2600 1324 2676 2)

262 2703 369 2783 Cocio,
396 2705 433 2771 de
454 2706 540 2773 Cotta
559 2708 701 2775 Beorieoa
746 2712 819 2793 (Ap.
839 2708 989 2794 Pompam
1012 2706 1161 2775 Sabinum
1187 2708 1220 2773 in
1242 2708 1323 2793 virg.

261 2815 339 2876 Aen.
365 2811 384 2876 1.
409 2813 440 2891 1,
465 2820 545 2880 teste
568 2816 657 2903 Casp.
680 2815 808 2883 Barthio
835 2816 867 2881 in
889 2816 1017 2881 Advers
1038 2816 1058 2880 Ι.
1081 2816 1140 2894 vl,
1167 2836 1192 2881 o
1214 2816 1259 2894 a.)
1284 2823 1323 2894 θ)

260 3020 334 3084 quod
360 3020 456 3073 solata
481 3022 610 3076 oraflone
635 2992 734 3089 scripti
759 3031 855 3092 erut,
879 3025 939 3090 iam
963 3026 1097 3079 indioavit
1120 3027 1268 3079 tdrroerus
1287 3029 1323 3079 ai

258 3106 329 3157 Nan.
347 3118 375 3169 p.
390 3104 440 3157 m
455 3120 513 3170 sq:
532 3108 691 3173 „Varronis
705 3109 771 3163 libri
786 3123 883 3163 annea
898 3108 1072 3177 hogistoriei
1086 3112 1135 3192 aut
1148 3109 1322 3175 Menippeas,

258 3188 384 3253 exceptis
402 3190 459 3241 iliis
477 3192 609 3256 operibus
622 3189 712 3259 justis
732 3196 763 3244 et
783 3194 892 3260 magnis
908 3195 1126 3260 Antiquitatum,
1154 3193 1188 3243 de
1203 3194 1246 3245 lie
1264 3196 1323 3247 liu-

117 3286 119 3291 ’
257 3274 340 3342 stica,
358 3274 393 3327 de
411 3275 523 3341 Lingua
538 3276 641 3328 Latina
656 3281 686 3329 et
703 3274 730 3329 si
746 3290 817 3341 quae
834 3275 982 3343 ejusmodi.
1016 3278 1180 3341 Menippeas
1195 3290 1322 3343 magnam
1452 3301 1453 3320 ,

256 3359 363 3418 partam
379 3359 509 3411 versibus
527 3360 661 3427 scriptae,
678 3362 854 3425 Logistorioi
867 3364 963 3413 solnta
977 3361 1136 3413 oratione.“

326 3440 357 3501 ⁷)
370 3441 613 3506 Logistoricorum
631 3444 845 3510 inscriptionum
861 3446 962 3509 altera,
977 3458 1050 3509 quae
1065 3458 1164 3499 naman
1180 3447 1320 3511 proprium

257 3522 432 3591 continebat,
448 3525 587 3591 exterior,
605 3527 711 3593 altera,
731 3542 804 3593 quae
818 3528 884 3581 libri
900 3532 1092 3594 argumentum
1108 3529 1261 3594 indicaret,
1277 3530 1321 3579 in-

256 3604 345 3657 terior
362 3610 433 3657 erat.
469 3606 617 3659 censorin.
634 3610 668 3661 da
685 3611 738 3662 Die
756 3615 819 3663 Nat.
839 3625 864 3663 e.
882 3613 914 3664 s:
938 3614 1018 3679 „ileo
1036 3612 1237 3664 chaldaeorum
1255 3626 1320 3664 aen-

255 3687 343 3739 testia
364 3690 505 3753 explicata
526 3692 641 3745 masaa
659 3695 695 3745 ad
712 3696 870 3759 opinionem
886 3696 1105 3762 Pythagor-icam
1119 3697 1245 3749 Varroni
1261 3699 1322 3747 tra·

255 3772 357 3825 etetm
373 3771 404 3823 in
418 3771 506 3838 libro,
528 3774 575 3839 qui
590 3781 711 3833 vocatu
730 3780 843 3835 Tubero
859 3784 889 3833 et
905 3782 1004 3835 intus
1020 3781 1184 3835 iaacr'ddtur
1197 3782 1233 3833 de
1251 3780 1320 3831 tiri-

255 3858 322 3922 ptac
338 3856 502 3907 Humano.“

323 3942 350 4001 ⁸)
365 3939 542 4004 Augustinus
559 3943 593 3994 de
612 3942 673 3995 civ.
690 3946 723 3995 D.
742 3948 761 3996 1.
782 3947 848 4010 vii,
868 3960 893 3996 o.
912 3947 937 3997 11.
955 3948 1028 3999 tunc
1043 3948 1142 4000 librum
1157 3947 1320 4012 simpliciter

255 4024 319 4089 „die
337 4022 425 4077 ome
439 4020 587 4077 Dearaot“
602 4024 692 4079 effert.
751 4087 754 4091 ,
