2934 4750
324 355 517 402 siruamus
541 356 772 402 nsnrrrerrnrr
794 359 979 418 recrearas.
1127 338 1191 403 ita

145 525 170 588 i.
204 523 345 602 Quaero,
382 529 486 589 utrum
521 523 662 602 iructuis,
698 545 736 589 an
762 521 973 592 delectationis
1000 529 1114 591 eausa?
1148 563 1189 574 --

157 613 160 620 Δ
207 631 351 710 lructuis‚
375 641 409 698 ut
430 633 578 700 vendatis.

144 744 172 812 2.
207 741 261 808 Sin
282 750 386 810 autem
408 742 620 811 delectationis
641 763 732 808 causa
753 747 920 824 venamini,
954 754 1072 831 quanto
1092 746 1189 812 satius

207 861 255 917 est
276 852 367 917 salvis
388 851 529 917 cruribus
549 852 582 916 in
609 852 690 917 circo
711 863 903 941 exspectare,
939 875 1032 942 qnam
1049 854 1101 921 'his
1123 855 1187 920 de-

171 955 177 964 ’
201 951 374 1026 ¹scobinatis
398 961 429 1026 in
452 959 533 1027 silva'
550 963 681 1028 curaret
719 953 728 960 '

138 1071 172 1149 ι3.
207 1071 356 1148 Currere,
395 1071 533 1156 vigilare,
572 1071 689 1137 esurire
720 1109 762 1119 -
793 1073 952 1158 ecquando
982 1071 1057 1138 hacc
1090 1074 1188 1140 iacere

208 1182 352 1266 oportet?
380 1181 534 1267 quemad
558 1180 674 1245 linem?
741 1193 749 1206 ‘

142 1291 171 1352 4.
205 1290 275 1356 Non
305 1290 397 1354 modo
423 1287 504 1356 suris
533 1290 660 1376 apertis,
704 1289 757 1354 sed
789 1307 887 1376 paene
918 1289 1041 1354 natibus
1076 1292 1189 1375 apertis

176 1457 179 1464 .
207 1395 376 1491 ambulans.
578 1381 581 1388 ⁴
782 1384 785 1391 ⁴

142 1508 171 1572 5.
190 1507 287 1574 ilum
308 1508 404 1580 ctiam
424 1507 518 1574 Thais
538 1507 702 1574 Menandri
730 1508 866 1573 tunicam
884 1507 1056 1574 demissam
1080 1507 1191 1575 habeat

120 1665 123 1670 -
207 1617 246 1681 ad
266 1616 353 1681 talos.
411 1615 425 1679 '.

143 1727 172 1791 6.
209 1725 241 1790 Si
264 1746 327 1790 non
350 1725 436 1790 malit
459 1725 506 1792 vir
527 1725 642 1792 viratus
664 1747 793 1792 uxorem
815 1725 929 1792 habere
948 1725 1133 1792 Atalantem.

144 1837 172 1902 i.
206 1835 296 1902 Adde
314 1834 441 1921 hydram
455 1837 623 1908 Lernaeam
643 1844 674 1900 et
692 1836 857 1902 draconem
870 1836 1084 1922 Hesperidum,
1104 1837 1188 1922 quod

207 1944 322 2010 hestiae
340 1944 467 2010 suerunt
488 1945 645 2010 immanes.

143 2051 171 2119 8.
204 2059 270 2122 Aut
287 2053 339 2119 ille
361 2075 484 2121 cerrum
505 2055 561 2142 qui
583 2075 711 2123 currens
736 2056 868 2123 volabile

206 2163 302 2250 Sparo
324 2173 448 2232 secutus
468 2164 624 2250 tragulam
653 2165 763 2230 traicit.
838 2234 844 2244 ⁸

142 2275 172 2340 9.
206 2273 292 2352 Quid
312 2271 363 2335 hie
385 2279 513 2344 venator
533 2293 596 2335 non
618 2272 720 2356 capiti

123 2384 171 2448 10.
206 2381 310 2461 Quem
328 2378 440 2445 idcireo
459 2386 541 2443 terra
556 2394 624 2443 'non
644 2378 726 2463 cepit
747 2387 779 2442 et
798 2378 916 2442 caelum
937 2378 1060 2464 recepit.

123 2494 171 2557 li.
195 2490 314 2557 'Funus
336 2486 523 2575 exsequialis
552 2486 635 2553 laute
664 2485 702 2551 ad
729 2486 926 2575 sepulchrum
951 2486 1080 2575 antiquo
1102 2506 1188 2550 more

206 2598 394 2665 silicernium
420 2596 607 2665 confecimus
634 2596 665 2663 id
682 2604 741 2665 ,cst
765 2612 960 2680 mortemon,
994 2616 1058 2683 quo
1086 2595 1189 2682 pransi

206 2707 397 2774 discedentes
417 2705 547 2771 dicimus
561 2707 646 2773 alius
667 2704 733 2771 alii:
760 2706 845 2770 Vale.

189 2870 217 2919 1.
239 2870 304 2929 *Ap
322 2868 393 2917 Noa.
411 2880 438 2929 p.
457 2865 523 2933 492,
551 2866 594 2919 ia.
619 2882 646 2919 v.
667 2866 802 2921 Fructum
824 2879 876 2931 pro
897 2867 1017 2919 duetus.
1039 2891 1076 2905 -
1096 2877 1190 2919 conco

119 2954 250 3018 fractura
266 2953 355 3003 merc.
372 2963 435 3001 eum
451 2950 537 3015 signo
552 2952 672 3005 lacunae
686 2954 870 3014 postcom.
887 2978 916 2989 -
935 2964 1044 3003 causas
1060 2952 1188 3005 misia

120 3041 165 3091 ed.
181 3035 291 3089 noviss.
309 3050 346 3089 ex
365 3035 426 3089 sais
445 3033 547 3102 codd,
579 3036 652 3089 uarie
668 3037 752 3088 Roth.
770 3037 845 3088 head
863 3038 937 3089 aare
959 3033 998 3101 ej.
1019 3030 1135 3089 caasa?
1160 3039 1190 3087 st

120 3120 267 3184 tractata,-
285 3123 336 3173 sed
350 3119 505 3184 simplicius
519 3118 666 3173 videbatur
682 3122 809 3175 scrihere
824 3116 938 3175 ewa?
951 3119 1092 3185 fructeta,
1104 3125 1138 3174 ιιι
1149 3132 1189 3184 ιι,

120 3210 151 3257 ut
167 3204 235 3257 insit
251 3202 409 3257 affirmatio.
443 3204 505 3257 llic.
520 3205 615 3257 Faber
630 3206 697 3266 post
713 3216 807 3256 consa
823 3206 978 3261 addendum
994 3199 1034 3265 ej·
1051 3205 1083 3253 tu
1099 3214 1191 3253 cena·

121 3292 184 3355 ris,
217 3290 291 3351 qnod
313 3300 371 3339 non
390 3300 461 3350 opus
486 3290 540 3337 cst.
574 3288 617 3338 De
633 3286 753 3349 genitivi
768 3287 858 3339 terma
873 3285 996 3337 motuis
1012 3295 1065 3343 pro
1079 3284 1189 3333 auctas

120 3386 147 3422 v.
168 3372 312 3433 Geli..1v‚
331 3371 389 3430 16..
407 3370 455 3432 qui
468 3370 553 3419 docet
567 3370 725 3421 Varronem
741 3379 776 3418 es
792 3368 823 3417 ia
838 3368 963 3419 omnihus
981 3362 1120 3430 ejusaem
1138 3378 1191 3417 rc·

121 3453 230 3509 eabrrlis
254 3465 334 3504 usum
352 3462 429 3521 esse.
451 3477 487 3491 -
512 3448 555 3502 cr.
574 3451 626 3503 od.
644 3452 741 3503 Maeli.
758 3450 789 3501 ia
805 3450 930 3501 hostat.
946 3450 982 3501 ad
998 3450 1082 3501 Varr.
1102 3450 1137 3501 de
1153 3450 1187 3499 L.

122 3540 165 3604 ia,
183 3541 213 3587 et
230 3536 304 3587 insta
320 3537 381 3587 sat.
402 3534 477 3598 Ταφ.
496 3534 566 3587 Mas.
582 3535 617 3586 ir.
636 3535 678 3587 h:
713 3534 865 3599 ‚‚i²errexlt
879 3534 909 3587 ia
925 3532 1077 3585 interiores
1092 3537 1189 3597 partes

121 3620 228 3692 damnus
243 3618 372 3683 posticae
387 3616 482 3683 aqq.“.

188 3721 214 3771 8.
249 3723 301 3783 Ap.
318 3722 390 3771 Non.
408 3734 435 3783 p.
454 3718 502 3786 99,
519 3719 562 3769 2³.
581 3730 608 3770 v.
624 3719 843 3783 Descclrirratis,
862 3719 970 3771 sauciis
986 3722 1017 3769 at
1031 3718 1143 3770 abrasis
1159 3723 1190 3771 et

122 3804 253 3855 desectio.
268 3828 303 3844 -
327 3806 500 3870 connectere
519 3801 606 3855 codd.
647 3806 783 3868 spectare
802 3804 890 3855 iarn.
907 3806 977 3856 Aris.
999 3803 1108 3869 xxix,
1132 3804 1186 3869 ει,

122 3882 233 3951 Popma.
268 3888 324 3938 sed
338 3888 512 3939 retinendum
530 3888 676 3939 videbatur
692 3901 760 3939 esse
774 3889 957 3955 aspectare,
980 3888 1055 3951 qnod
1072 3891 1119 3937 ast
1135 3899 1188 3951 pro

122 3984 177 4037 „ex
194 3972 262 4023 sede
278 3984 333 4023 suc
355 3969 508 4036 spectare“
530 3971 577 4022 vel
598 3983 635 4037 „s
659 3972 814 4036 longinquo
836 3970 998 4034 spectare‘t
1033 3972 1077 4021 lta
1095 3970 1187 4021 Pleni.

123 4057 213 4108 Aulai.
230 4057 280 4120 lv,
297 4056 324 4117 8,
339 4056 380 4127 ⁸2²
404 4056 570 4121 „Multoque
587 4055 666 4117 prius
681 4068 724 4105 me
742 4054 887 4120 couccavi
900 4054 930 4106 in
949 4056 1088 4117 arborem,
1104 4052 1189 4101 inde-

121 4152 173 4203 que
189 4140 401 4207 exspectatam,
420 4138 467 4191 uti
483 4150 582 4191 amram
600 4127 782 4191 shstmda‘ist
798 4137 929 4203 aerest,
941 4138 989 4190 uti
1002 4139 1058 4187 lis.
1077 4133 1186 4185 osmer.

780 3678 791 3689 ι
