2934 4750
400 1097 607 1180 CAPUT
659 1098 933 1182 PRIMUM.

330 1225 372 1276 De
396 1237 502 1290 genere
524 1229 644 1282 Saturae
665 1226 831 1290 Menippeas
846 1224 994 1278 Varronis.

586 1347 741 1358 -—-—-

127 1433 280 1528 Primam
301 1462 431 1532 Saturae
455 1467 606 1552 originem
631 1487 776 1532 enarrare
795 1485 925 1552 remque
951 1462 1025 1530 satis
1044 1479 1198 1547 superque

126 1577 291 1636 tractatam
308 1579 341 1637 et
361 1580 555 1640 retractatam
581 1597 664 1642 nunc
686 1576 823 1641 recolere
843 1574 936 1660 piget
978 1573 1198 1655 Praeterquam

124 1679 214 1744 enim
230 1679 324 1765 quod,
342 1701 403 1747 neo
419 1702 560 1769 perosam
579 1705 647 1751 earn
664 1684 876 1771 quaestionem
895 1682 999 1748 denuo
1017 1679 1197 1766 suscipere·

123 1809 208 1866 mus,
230 1790 305 1856 satis
325 1791 394 1877 ipso
411 1793 612 1860 monebamur
628 1795 819 1881 praescripto
839 1791 932 1882 hujus
952 1787 1196 1856 commentatio-

124 1899 176 1964 nis
203 1898 310 1980 medo,
336 1900 478 1967 Setauam
506 1904 653 1969 Varronis
677 1902 875 1990 explicatruis
903 1921 960 1966 nec
989 1897 1195 1967 necessarium

124 2007 287 2074 videbatur
307 2029 383 2089 esse,
403 2019 441 2078 ut
460 2011 500 2078 ab
521 2013 656 2081 Evandri
678 2014 760 2100 regis
781 2019 882 2078 aetate
903 2009 1117 2077 exordiremur
1136 2006 1195 2072 in-

123 2117 226 2203 deque
266 2119 453 2206 pedetentim
496 2121 534 2187 ad
575 2124 747 2188 Varronem
790 2141 891 2208 usque
930 2117 1196 2205 progrederemur.

124 2227 263 2294 Omnino
284 2237 332 2294 sat
351 2238 399 2296 cst
417 2231 595 2297 meminisse
613 2232 756 2299 Saturam
775 2252 839 2296 non
858 2250 877 2294 a
896 2227 1022 2293 Graecis
1039 2247 1123 2302 esse,
1140 2221 1195 2289 sed

123 2338 306 2405 allemanie
326 2339 540 2425 repetendam:
565 2340 679 2427 quibus
698 2341 769 2428 jure
790 2339 865 2407 olim
884 2334 1050 2405 vindicarit
1067 2334 1108 2398 ls
1126 2330 1195 2397 Ga-

122 2448 281 2514 saubonus
303 2449 336 2515 in
357 2447 436 2513 libro
458 2468 515 2513 suo
538 2469 630 2536 quem
650 2449 773 2535 scripsit
794 2448 833 2515 de
851 2445 987 2531 Satyrion
1007 2440 1195 2507 Gmecorum

123 2558 218 2623 Poesi
245 2564 278 2624 et
304 2556 343 2621 de
367 2558 580 2623 Romanorum
609 2558 708 2623 Satira
728 2564 771 2636 1).
812 2557 923 2641 Neque
947 2552 1051 2618 minus
1077 2557 1197 2615 constat

124 2668 209 2732 inter
235 2686 356 2744 omnes,
387 2666 425 2732 ab
446 2666 550 2732 Ennio
578 2675 670 2751 poeta
695 2666 779 2733 illam
805 2684 872 2731 esse
899 2684 918 2729 a
946 2661 1072 2749 pulpitis
1098 2668 1130 2725 et
1156 2659 1196 2726 ab

123 2795 236 2853 mena,
259 2774 314 2839 ubi
337 2774 391 2840 diu
414 2783 556 2854 steterat,
581 2783 757 2843 revocatam
775 2782 809 2854 ²)
833 2795 883 2853 ac,
908 2773 1012 2859 paullo
1035 2772 1196 2837 immutata

124 2884 238 2972 specie,
258 2883 392 2971 primum
414 2885 582 2972 legentium
605 2885 800 2951 delectationi
820 2882 1063 2951 accomodatam:
1084 2878 1195 2945 deinde

124 2994 164 3061 ab
186 2993 234 3072 iis,
250 2994 303 3081 qui
316 2995 453 3061 Ennium
474 2996 570 3061 secuti
592 3000 674 3074 sunt,
694 2996 761 3062 aC.
775 2996 893 3063 Lucilio
913 3003 946 3060 et
960 3015 978 3059 a
990 2993 1036 3059 ll.
1048 2989 1195 3058 Terentio

123 3104 264 3171 Varrone
293 3125 374 3171 novo
399 3106 485 3171 cultu
508 3126 575 3171 csse
602 3113 722 3171 auctam
749 3105 930 3192 etquidem
951 3103 1073 3169 diuerso
1092 3099 1195 3178 ruodo,

123 3212 251 3279 uthina
271 3212 405 3299 denique
424 3221 531 3279 natum
551 3214 591 3279 sit
608 3213 721 3299 duplex
739 3234 846 3299 genus,
867 3214 1014 3287 alterum,
1033 3210 1117 3296 quod
1138 3208 1195 3273 di—

124 3322 206 3387 eitur
218 3321 457 3400 Varronianum‚
477 3320 553 3385 lacie
572 3321 705 3399 biformi,
725 3324 845 3387 solutae
865 3328 899 3387 et
917 3321 1029 3404 ligatae
1049 3317 1197 3384 orationis

125 3430 275 3498 sumente
295 3429 441 3504 mixtum
469 3429 615 3510 alterum,
643 3430 726 3517 quod
750 3430 863 3497 dieitur
882 3428 1091 3506 Lucilianum,
1117 3448 1195 3496 ver-

127 3540 213 3607 sibus
231 3558 332 3626 usque
354 3546 386 3605 et
407 3538 531 3625 quidem
552 3539 684 3607 heroicis
704 3540 969 3628 comprehensum.

211 3653 317 3735 litque
338 3648 531 3717 Lucilianum
553 3650 679 3738 quidem
703 3673 801 3738 genus
818 3649 882 3739 jam
903 3651 977 3717 satis
998 3658 1047 3716 est
1066 3650 1106 3715 ab
1128 3649 1197 3715 aliis

199 3859 227 3917 ¹)
244 3870 270 3920 p.
288 3857 338 3907 175
356 3870 418 3920 sqq.
435 3858 479 3908 ed.
496 3859 647 3910 nemeaea.
663 3862 726 3911 Hal.
743 3861 821 3911 1⁷⁷4.
837 3862 863 3911 8.
880 3890 915 3900 -

198 3943 228 4001 ¹)
245 3942 289 3992 De
311 3944 413 3993 latura
435 3943 622 3995 Romanorum
646 3945 800 3997 dramaticus
821 3945 885 3996 vide
906 3944 1031 4007 inprimis
1055 3941 1198 3993 Manlium

130 4026 159 4076 in
176 4025 300 4161 eleglaqrti
314 4026 398 4093 libro,
416 4038 496 4089 quern
509 4027 681 4091 conseripsit
696 4029 730 4080 de
739 4030 856 4082 Fabulis
865 4031 1003 4082 Atellanis
1017 4027 1109 4089 (urps.
1119 4024 1198 4073 184⁰.

129 4110 170 4171 8.)
188 4124 215 4174 Ρ·
282 4120 343 4175 “ll-
