2934 4750
362 324 394 362 u.
419 323 448 363 r.
470 321 628 364 varnerus
649 321 785 364 sarum
807 321 986 365 araurem.
1186 307 1209 367 8

136 486 331 572 plexionum,
372 485 612 570 Epistolicarum
647 486 874 565 Quaestionum
914 487 1023 565 libms,
1068 490 1210 575 lugemus

137 595 384 673 Hebdomadum
404 595 573 664 Annalium
595 603 626 660 et
649 616 727 680 quos
750 594 788 660 de
803 596 876 661 Vita
896 597 930 661 P.
944 599 980 664 lt
1002 606 1035 663 et
1055 599 1094 664 de
1109 599 1209 668 Gentc

134 708 169 772 P.
193 708 230 772 R.
257 705 453 791 conscripsit,
488 705 629 791 inprimis
652 725 724 771 vero
747 704 816 770 illos
840 707 1070 792 Antiquitatum
1092 712 1209 778 Rerum

134 818 350 883 Humanarum
372 824 464 902 atque
485 815 669 882 Divinarum
688 813 793 893 libros,
813 824 1043 882 consummatae
1065 820 1208 906 antiqui-

134 927 207 992 tatis
228 927 373 992 scientiae
401 924 677 1010 reoonditiorisque
705 924 862 991 doctrinae
885 928 1033 992 Varronis
1056 929 1131 994 olim
1153 929 1208 994 lo-

134 1036 360 1121 cupletissimos
388 1043 496 1100 testes:
530 1034 583 1120 qui
611 1035 635 1099 si
666 1034 714 1100 vel
742 1035 800 1100 soli
826 1056 989 1102 commune
1016 1037 1209 1124 naufragium

135 1146 322 1229 effugissent,
343 1145 541 1230 aliquomodo
562 1153 644 1210 certe
670 1154 868 1229 compensata
888 1145 997 1211 luisset
1021 1147 1129 1232 ingens
1149 1171 1209 1213 ce-

134 1261 272 1321 terorum
291 1276 421 1341 operum
439 1256 567 1341 jactura,
589 1275 651 1340 qua
673 1253 796 1337 gravior
817 1253 881 1319 ulla
901 1253 999 1318 literis
1019 1257 1132 1320 nostris
1151 1278 1210 1321 ac-

136 1362 237 1429 cidere
258 1385 321 1430 non
339 1366 450 1451 potuit.
478 1365 538 1430 Sed
557 1364 716 1450 perierunt
737 1362 769 1427 hi
782 1361 1014 1446 Antiquitatum
1035 1363 1114 1443 libri,
1130 1386 1210 1450 per—

136 1471 207 1538 inde
230 1481 323 1559 atque
346 1473 440 1538 ceteri
461 1473 635 1559 perierunt;
655 1472 824 1557 gliscetque
847 1470 1023 1536 etiamnunc
1044 1472 1077 1536 in
1099 1476 1211 1538 nostris

136 1583 247 1646 animis
271 1583 358 1667 pium
388 1583 510 1647 illomm
537 1581 739 1657 desiderium,
768 1580 892 1666 quando
917 1581 1047 1664 legimus
1075 1583 1210 1648 codicem

136 1691 275 1774 aliquem
295 1711 313 1754 a
334 1692 359 1756 F
362 1691 498 1756 rancisoo
519 1690 684 1755 Petrarcha
704 1710 801 1775 puero
818 1689 918 1755 adhuc
936 1689 1108 1775 inspectum
1134 1713 1209 1772 esse,

137 1817 201 1883 quo
220 1799 432 1884 comprehensi
449 1800 579 1866 luerint:
602 1801 672 1865 licet
692 1799 730 1864 de
753 1800 929 1884 integritate
949 1800 1128 1877 testimonii,
1148 1823 1211 1888 quo

138 1908 168 1971 id
189 1903 334 1975 traditum
358 1917 414 1987 est,
437 1910 562 1974 omnino
584 1931 647 1974 non
668 1910 709 1974 ita
731 1910 925 1995 exploratum
946 1909 998 1986 sit,
1016 1918 1053 1975 ut
1074 1911 1210 1979 virorum

138 2015 298 2083 doctorum
320 2017 495 2103 conjectura
516 2020 649 2086 multum
673 2019 841 2105 periclitari
857 2019 1014 2095 videatur,
1035 2040 1096 2103 qua
1116 2022 1211 2088 libros

138 2125 365 2212 Antiquitatum
385 2129 522 2194 seculum
542 2129 707 2214 septimum
730 2150 795 2193 non
815 2127 952 2214 attigisse
974 2136 1149 2196 statuerunt
1170 2139 1212 2210 ὁ).

209 2433 237 2491 ⁶)
255 2431 297 2480 Gt.
314 2434 347 2479 L.
366 2434 400 2481 il.
416 2432 551 2483 Kralmer.
572 2433 724 2484 Commeat.
747 2436 782 2483 de
800 2436 838 2483 Μ.
858 2435 983 2483 Terentii
1001 2434 1139 2484 Varronis
1155 2437 1214 2486 An-

140 2515 298 2577 tiquitatum
320 2516 353 2563 B.
378 2516 411 2563 li.
438 2520 522 2577 atque
547 2518 581 2565 D.
603 2517 693 2565 libris.
718 2531 744 2577 p.
771 2519 804 2565 ³0
829 2530 890 2579 sqq.
921 2518 997 2576 (Hal.
1020 2518 1086 2566 Sar.
1111 2518 1213 2585 teet),

139 2600 187 2661 qui
203 2596 286 2648 affert
301 2600 389 2647 verba
406 2598 576 2648 Petrarcliae
596 2602 645 2659 (ex
661 2596 745 2663 hujus
763 2600 899 2661 Epistulis
916 2602 951 2649 ad
968 2601 1055 2651 Viros
1076 2602 1125 2651 lll.
1149 2605 1213 2654 Vct.

137 2686 186 2741 di:
214 2683 392 2746 „Nonnullae
410 2686 500 2733 tamen
518 2686 616 2733 extant
633 2684 680 2733 vel
697 2684 842 2734 admodum
857 2685 972 2734 lacerae
988 2686 1084 2735 trorum
1101 2700 1214 2749 operum

139 2765 309 2825 (Varronis)
328 2766 472 2831 reliquiae,
490 2779 505 2817 e
523 2766 621 2829 quibus
640 2767 749 2829 aliquas
767 2768 870 2829 pridem
888 2768 954 2833 vidi,
970 2772 1000 2818 et
1016 2772 1215 2823 recordatione

139 2854 279 2911 torqueor
296 2850 422 2913 summis,
442 2854 472 2899 ut
490 2848 583 2915 ajunt,
601 2850 685 2900 labiis
703 2856 837 2913 gustatae
855 2852 1010 2902 dulcedinis
1015 2868 1026 2916 3
1052 2857 1080 2903 et
1096 2869 1130 2905 ea
1147 2860 1215 2921 ipsa

139 2935 299 2997 praecipue
318 2934 495 2985 Divinarum
513 2938 543 2986 et
557 2937 759 2987 Humanarum
774 2936 882 3003 librar,
909 2940 960 3001 qui
978 2950 1079 2988 nomeu
1097 2939 1149 2989 tibi
1167 2954 1216 2990 sc-

140 3019 259 3067 aauttus
281 3020 471 3086 pepererunt,
502 3022 599 3071 adtuc
622 3020 733 3073 alicubi
757 3020 891 3083 forsitan
915 3022 1040 3071 latitare
1066 3025 1215 3087 suspicor,

141 3112 231 3161 eaque
250 3102 351 3151 multos
366 3100 425 3165 jam
445 3116 602 3164 perennes
621 3118 664 3154 me
682 3104 784 3167 fatigat
800 3117 885 3169 eura,
903 3105 1032 3167 quoniam
1049 3105 1136 3167 langa
1154 3109 1217 3169 qui-

142 3186 203 3233 dem
219 3187 247 3233 et
262 3185 387 3235 sollicita
398 3198 448 3247 spe
461 3187 528 3236 nihil
541 3190 586 3237 est
599 3188 784 3249 importunius
802 3189 831 3237 in
846 3187 935 3237 vita.“
953 3189 1078 3247 Quanam
1095 3191 1217 3241 editione

141 3268 312 3318 Petrarelrae
339 3281 453 3329 opernm
478 3284 547 3319 usus
573 3271 611 3319 ait
634 3271 813 3334 Krannerus,
841 3270 951 3319 nescio.
987 3273 1043 3319 led
1064 3272 1093 3320 in
1115 3275 1218 3334 optima

141 3351 316 3414 Rusticana,
344 3364 416 3413 qnae
432 3352 535 3411 prodiit
555 3366 581 3402 a.
600 3354 682 3417 1581,
712 3368 739 3414 p.
757 3354 807 3401 toti
828 3353 885 3401 iste
906 3354 989 3401 locus
1007 3366 1125 3416 prorsus
1145 3359 1217 3409 alius

141 3438 204 3485 est:
222 3434 342 3497 „Nullae
361 3438 453 3483 tamea
470 3438 595 3501 restant,
617 3437 663 3485 vel
683 3438 827 3486 admodum
843 3437 958 3486 lacerae
975 3440 1084 3488 tuorum
1105 3454 1217 3503 operum

143 3518 297 3582 reliquiae,
319 3517 389 3567 licet
407 3518 560 3569 diviuamrm
581 3523 609 3570 et
631 3522 809 3571 humanarum
826 3534 919 3571 rerum
936 3522 1025 3573 libros
1044 3533 1157 3585 pueram
1175 3541 1218 3577 me

145 3601 251 3651 vidisse
266 3601 445 3666 meminerim,
462 3606 493 3653 ut
508 3605 705 3654 recordatione
724 3607 860 3667 torquear
878 3607 1002 3672 summis,
1021 3611 1053 3657 ut
1067 3606 1157 3675 ajunt,
1175 3614 1220 3662 la-

146 3686 197 3737 biis
226 3688 358 3749 gustatae
387 3686 542 3737 dulcedinis
548 3702 558 3749 3
584 3689 637 3737 hos
665 3689 769 3739 alicubi
794 3690 891 3739 forsan
917 3690 1031 3740 latitare
1056 3694 1218 3756 suspicor.“

148 3771 241 3829 Quare
253 3770 338 3821 nolim
353 3773 457 3819 temere
469 3771 603 3821 assentiri
614 3772 771 3837 tirannum,
781 3772 829 3834 qui
841 3773 890 3822 illa
909 3776 995 3825 verta
1007 3779 1124 3827 secutus
1138 3774 1219 3830 fidem

146 3854 235 3904 lamae
252 3866 370 3917 prorsus
387 3855 522 3919 denegat,
545 3856 661 3917 primum
682 3853 747 3921 ejus
765 3862 910 3907 auctorem
930 3858 1019 3908 inisse
1039 3866 1142 3921 putans
1158 3866 1220 3912 Me-

146 3939 253 3989 lmsium
278 3938 306 3987 in
332 3938 397 3987 Vita
420 3939 550 3989 Ambros.
577 3941 710 3989 dravers.
735 3941 768 3989 Τ.
791 3940 814 3988 1.
838 3954 865 4002 p.
890 3942 949 3991 216.
985 3944 1112 3994 moreat.
1136 3945 1219 4006 17223

148 4034 226 4082 quem
249 4024 404 4084 sequnntur
422 4023 599 4074 Vfllcisonus
622 4024 650 4073 in
673 4025 822 4073 Aneodctt.
844 4025 939 4075 Indice
958 4041 985 4075 v.
1005 4029 1114 4090 Varro,
1136 4030 1166 4075 et
1186 4030 1219 4076 A.

147 4104 240 4155 Maius
256 4104 284 4154 in
299 4106 416 4166 praefat.
435 4108 468 4156 ad
488 4106 548 4157 Cic.
565 4107 613 4156 lib.
631 4108 664 4155 de
681 4108 797 4169 Reprrbl.
816 4136 850 4145 -
