2934 4750
311 285 331 344 2
701 301 931 346 conannasrro
957 305 996 346 ns

311 471 479 555 aprinantes
500 477 687 554 errantesque
707 479 849 554 tanquam
875 469 1002 556 tapetes
1028 472 1076 537 tui
1101 471 1175 538 libri
1200 477 1289 561 quasi
1313 478 1372 542 do-

310 601 391 644 mum
413 578 615 652 deducerunt,
645 587 681 668 ut
701 599 856 664 possemus
883 579 1060 666 aliquando,
1088 584 1144 669 qui
1168 594 1195 648 ct
1220 584 1275 649 ubi
1295 608 1373 651 esse-

309 713 390 768 mus,
420 707 584 774 opaoscere.
630 687 675 752 Tu
700 700 822 753 oetatem
836 692 974 774 petreae,
1003 701 1038 755 tu
1059 689 1271 779 descriptiones
1296 708 1372 761 tem-

304 823 433 887 porum,
454 811 487 864 tu
504 817 662 862 sacrorum
675 800 766 881 pura,
792 809 825 863 tu
845 800 1046 878 sacerdotum,
1067 813 1101 866 tu
1122 801 1321 883 domesticam,
1342 819 1372 871 tu

308 910 439 976 bellicam
472 908 678 994 disciplinam,
714 918 748 972 tu
781 908 910 987 sedium,
947 911 1118 994 sepianum,
1156 913 1302 991 locorum,
1341 926 1372 979 tu

307 1021 441 1085 omnium
464 1017 638 1084 diuinarum
669 1017 926 1106 bumonamnnpue
950 1039 1054 1084 ranan
1085 1023 1227 1097 mmina,
1255 1045 1370 1107 penora,

307 1131 420 1216 afflata,
453 1150 558 1193 causas
584 1127 748 1214 aperuisti,
779 1127 1004 1216 plurimumque
1019 1142 1117 1216 poetes
1137 1132 1248 1196 nostru
1268 1135 1368 1198 omni-

305 1259 401 1326 noque
431 1237 549 1302 Latinis
582 1248 610 1301 ct
642 1236 736 1302 literis
765 1236 889 1302 luminis
919 1239 1045 1304 anulnti
1076 1249 1103 1303 et
1135 1240 1246 1317 ambas,
1288 1252 1369 1328 atque

305 1349 368 1434 ipsc
403 1348 523 1411 carium
558 1357 584 1411 et
618 1346 733 1432 clepone
765 1348 850 1411 omni
877 1349 943 1433 fere
974 1369 1099 1413 nummo
1127 1371 1236 1436 poema
1267 1352 1368 1436 fecesti,

298 1456 575 1544 pbdosopbsamquc
601 1455 701 1520 multis
725 1455 798 1520 locis
823 1456 984 1533 inchoasti,
1019 1458 1060 1521 ad
1080 1459 1287 1546 conpellendum
1312 1484 1367 1526 sa-

302 1568 356 1642 tis,
390 1566 431 1630 od
457 1564 636 1630 cascanum
657 1570 791 1651 porum“
815 1569 858 1641 ²).
903 1566 946 1630 Et
970 1572 1075 1630 tamen
1104 1566 1136 1632 in
1166 1577 1229 1633 tam
1256 1570 1368 1636 multi-

302 1674 390 1759 plici,
419 1694 499 1759 quae
517 1672 608 1761 J'ustis
632 1671 775 1738 laudibus
799 1691 817 1737 a
835 1672 984 1740 Cicerone
1006 1675 1134 1741 effertur
1157 1678 1214 1742 viri
1236 1678 1367 1755 scientia,

302 1782 404 1848 nescio
423 1781 495 1860 lere,
508 1801 548 1847 an
560 1780 653 1846 ctiam
674 1781 771 1866 magis
786 1781 826 1846 sit
843 1781 1021 1849 admiranda
1032 1785 1080 1850 vel
1097 1786 1242 1864 miranda,
1256 1789 1368 1854 rectius

302 1891 415 1970 dicam,
443 1911 563 1958 summa
586 1889 639 1955 illa
660 1890 833 1956 studiorum
852 1892 1017 1959 strenuitas
1038 1901 1071 1959 et
1090 1894 1251 1960 assiduitas
1271 1895 1367 1963 inde-

301 2001 394 2079 lessa,
420 2020 482 2086 qua
503 2000 592 2066 istam
614 1999 709 2066 literis
730 2000 876 2066 mandare
895 2000 1028 2080 studuit,
1050 2010 1218 2069 attentam
1240 2025 1366 2090 operum

300 2109 529 2178 multitudinem
551 2129 608 2174 nec
632 2130 699 2174 cam
721 2108 867 2175 materiae
890 2110 1030 2176 varietati
1050 2111 1199 2199 imparem
1223 2115 1367 2192 condidit,

299 2228 334 2286 ut
351 2218 571 2304 octogesimum
585 2225 729 2304 qrmrtum
748 2219 856 2284 aetatis
870 2239 986 2288 annum
1006 2220 1161 2306 ingressus
1176 2223 1367 2310 septuaginta

298 2329 447 2397 librorum
467 2325 684 2406 hebdomades,
699 2327 758 2394 hoc
774 2336 822 2397 est
837 2328 1078 2417 quadringentos
1094 2331 1261 2418 nonaginta
1273 2332 1366 2401 libros

298 2439 512 2527 conscripsisse
540 2460 606 2505 sese
633 2438 758 2524 gloriari
785 2448 890 2525 posset
914 2445 962 2517 ⁸):
988 2447 1026 2505 ut
1048 2461 1156 2507 resera
1183 2461 1247 2507 non
1274 2441 1365 2508 nimis

296 2549 517 2636 praedicaverit
544 2569 615 2614 eum
641 2548 837 2634 Augustinus
870 2560 950 2625 ,mm
974 2550 1067 2616 muto
1097 2551 1214 2637 tepesco,
1240 2563 1274 2617 ut
1298 2554 1364 2619 cli·
1455 2565 1456 2576 ¹

296 2660 370 2747 quid
389 2658 562 2725 ascribere
581 2680 701 2724 vacasse
721 2660 876 2735 metemur,
896 2670 957 2724 tom
979 2660 1072 2726 multa
1091 2663 1254 2749 scripsisse,
1274 2684 1365 2751 quam

295 2768 388 2834 multo
411 2769 466 2831 aia
489 2790 664 2854 qnencquom
689 2768 785 2852 tepere
808 2769 940 2853 potuisse
966 2769 1140 2835 credamus⁴⁴
1164 2776 1208 2848 4).
1235 2808 1276 2817 -
1303 2770 1364 2838 Sed

295 2884 458 2963 postquam
488 2875 558 2941 vivo
589 2875 689 2940 adbuc
716 2877 856 2940 Varrone
885 2877 1050 2955 acciderat,
1086 2886 1121 2943 ut
1151 2878 1363 2965 indignissimo

295 2984 429 3071 quodam
457 2984 598 3049 lortunac
626 3006 698 3050 casu
725 2984 929 3051 bibliothecae
952 2987 1019 3074 ejus
1046 2986 1084 3051 ab
1106 2987 1208 3073 impiis
1229 2988 1362 3054 militum

294 3094 435 3161 manibus
454 3093 659 3179 diriperentur
678 3092 764 3168 adeo,
780 3100 816 3157 ut
833 3094 1057 3179 aliquammulti
1077 3094 1146 3159 libri
1165 3096 1236 3161 inde
1254 3105 1362 3182 postea

293 3228 356 3273 non
377 3210 599 3289 comparerent,
622 3201 749 3287 reliquis
768 3202 922 3287 operibus,
938 3224 1017 3289 quae
1038 3204 1172 3289 plurima
1191 3212 1222 3269 et
1242 3226 1362 3271 nume-

293 3316 447 3382 rosissima
468 3320 565 3389 crant,
587 3310 679 3376 medii
702 3311 768 3376 aevi
790 3312 907 3378 incuria
929 3320 960 3377 et
980 3313 1115 3398 pravitas
1137 3313 1361 3401 illiterataeque
1454 3343 1455 3358 ι

292 3420 512 3487 monachorum
547 3441 656 3485 manus
691 3427 755 3484 tam
790 3420 916 3487 leserunt
948 3422 1152 3507 perniciosae,
1195 3430 1231 3487 ut
1262 3445 1361 3509 paene

291 3538 399 3597 cuncta
416 3528 561 3615 perirent
604 3528 653 3593 Sic
669 3537 848 3615 praereptos
866 3539 989 3596 nostrae
1008 3532 1117 3597 aetatis
1132 3530 1241 3593 studiis
1258 3551 1359 3615 prae·
1454 3519 1455 3592 Ῠ

290 3639 432 3707 toralias
453 3637 565 3703 multos
582 3636 722 3721 lugemus
737 3638 985 3723 Disciplinam,
995 3638 1241 3714 Rhetoricorum,
1255 3638 1359 3705 Gom·
1454 3659 1455 3730 ι

357 3944 386 4001 ¹)
405 3939 464 3991 (tic.
482 3941 567 3989 acad.
586 3939 701 3999 Quaest.
726 3946 747 4003 1,
764 3942 790 4004 ³,
809 3942 834 3990 9.

356 4026 384 4084 ⁸)
404 4024 476 4075 (tell.
495 4026 528 4074 Ν.
544 4025 578 4073 A.
595 4024 651 4089 111,
667 4024 710 4073 to.

355 4111 384 4168 ⁴)
403 4110 522 4171 August.
541 4108 582 4157 De
602 4106 663 4157 civ.
683 4109 716 4157 D.
735 4109 789 4170 Vl,
813 4108 837 4157 1.
