2934 4750
272 279 316 339 b}
660 295 764 340 carun
791 295 947 339 amaran.

275 459 525 536 adseverarimus‚
546 481 563 523 a
586 479 657 525 vero
679 461 866 526 aberravisse
887 480 943 524 nos
964 458 1118 524 neminem
1138 459 1337 525 insimulata-

276 587 344 634 rum
365 589 432 634 csse
453 567 646 634 arbitramur.
669 605 710 616 -

283 711 286 720 =
361 679 444 744 Dum
464 677 527 764 jam
551 677 582 740 in
613 697 650 742 eo
673 697 809 754 eramus,
835 685 872 743 ut
900 675 992 742 tinem
1018 674 1090 741 buic
1116 675 1209 761 capiti
1232 676 1336 761 impo—

278 807 435 864 neremus,
470 785 632 851 incidimus
655 784 687 849 in
709 783 891 870 Gataiogum
912 785 1061 850 librorum
1083 784 1337 870 Logistoricorum

278 905 310 962 et
329 896 510 963 Saturarum
530 893 677 960 Varronis
698 914 717 959 a
737 893 877 960 Fabricio
897 892 1070 959 confectum
1087 899 1120 958 at
1140 893 1290 959 insertum
1310 895 1339 959 in

275 1006 355 1072 Bibi.
382 1005 448 1070 Lat.
472 1011 546 1069 tom.
574 1003 604 1081 Ι,
640 1001 690 1066 lib.
716 1003 743 1067 l.
766 1023 831 1089 cap.
859 1001 889 1069 8.
918 1024 948 1088 p.
976 1001 1029 1068 82.
1045 1022 1111 1088 sqq.
1142 1002 1204 1082 (ed.
1234 1002 1340 1068 Hamb.

280 1114 385 1191 1721.)
409 1119 478 1190 1⁶),
506 1112 618 1197 inquo
639 1118 761 1196 practer
777 1112 846 1177 iilos
864 1111 974 1188 libros,
994 1132 1073 1197 quos
1092 1131 1186 1197 supra
1206 1102 1339 1178 enume-

278 1223 422 1301 ravimus,
445 1220 477 1286 bi
498 1226 616 1306 septem
637 1226 862 1285 memorantur:
891 1222 924 1298 l)
945 1220 1119 1308 prccncrts
1133 1221 1266 1288 Novam
1307 1222 1340 1299 2)

280 1329 514 1418 tisoroprupbio.
557 1328 592 1406 3)
622 1327 693 1395 caci
711 1329 762 1394 tit.
781 1329 823 1393 11.
867 1329 902 1406 4)
931 1329 1142 1395 Ρναεεονὶαηα.
1184 1331 1221 1408 5)
1249 1331 1340 1397 Meo-

279 1441 402 1507 cerates.
446 1439 481 1517 6)
507 1437 639 1506 satana.
683 1437 717 1515 7)
742 1437 937 1524 Polpondrab.
984 1439 1027 1504 Et
1052 1437 1090 1503 dc
1118 1438 1166 1504 bis
1187 1437 1273 1525 juvat
1296 1439 1341 1504 bic

279 1549 382 1635 paucis
402 1548 567 1634 disputare.

363 1662 467 1743 Atque
494 1654 717 1742 optematum
744 1656 892 1722 Varronis
923 1657 1065 1724 Nuculam
1097 1655 1189 1722 bodie
1222 1658 1341 1744 quidem

280 1786 371 1831 nemo
391 1771 447 1844 est,
470 1765 525 1850 qui
545 1785 616 1830 cum
635 1763 741 1851 Lipsio
759 1767 844 1844 (Var.
865 1766 961 1831 Lactt.
980 1765 999 1829 Ι.
1013 1765 1068 1842 Ill,
1089 1785 1114 1829 c
1135 1765 1202 1843 al.)
1225 1769 1341 1832 at·Fa-

279 1873 375 1939 bricio
397 1874 478 1939 inter
493 1872 618 1939 Saturas
634 1881 689 1939 aut
701 1872 907 1958 Logistoricos
926 1872 1046 1940 referat.
1087 1873 1170 1939 Libri
1192 1876 1342 1943 rationem
1455 1946 1456 1951 ἵ

279 2003 406 2068 prorsus
426 1981 577 2048 diversam
600 1982 638 2048 ab
657 1982 717 2047 illis
736 2001 804 2048 assa
825 1981 961 2048 indicant
978 1981 1072 2049 rerba
1088 1981 1240 2049 itinerarii
1256 1986 1343 2051 Alex.
1455 1972 1456 2023 ἶ

279 2093 323 2158 Μ.
351 2091 390 2157 ab
417 2095 454 2156 A.
475 2092 561 2159 Maio
587 2091 661 2158 aditi
689 2112 754 2179 cap.
773 2093 841 2157 VI.:
870 2092 988 2177 „Igitur
1013 2092 1039 2156 si
1061 2092 1225 2158 Terentius
1245 2095 1343 2159 Varm

279 2198 335 2267 Gn.
359 2199 507 2287 Pompcjo
535 2201 608 2267 olim
637 2221 693 2288 par
719 2200 883 2286 Hispanias
913 2201 1083 2267 militaturo
1113 2201 1226 2268 tibrum
1259 2203 1342 2268 iilum

279 2307 491 2398 prcmcrc'doa
514 2310 572 2377 sub
597 2309 722 2377 nomine
740 2309 923 2389 elaboravit,
947 2317 985 2377 ut
1004 2309 1155 2377 inhabiles
1176 2331 1226 2377 rcs
1246 2310 1341 2377 eidem

279 2427 404 2505 gesturo
425 2420 502 2485 scira
523 2427 603 2485 asset
623 2440 662 2485 ex
681 2418 762 2485 facili
780 2419 978 2486 inclinatione
995 2420 1112 2498 oceani,
1128 2426 1224 2505 atque
1239 2440 1343 2485 omnes

279 2528 415 2616 reliquos
435 2536 537 2595 motus
555 2529 655 2596 aorios
677 2529 897 2617 praescientiae
916 2528 977 2595 fide
997 2536 1126 2616 peterat,
1146 2536 1183 2595 ut
1202 2529 1342 2595 declina-

280 2644 342 2716 ret,
362 2658 418 2703 cur
434 2658 492 2723 ego
509 2639 577 2705 Tibi
599 2675 641 2687 -
663 2660 726 2703 non
745 2637 844 2704 facem
864 2638 1050 2725 praeferam,
1070 2638 1217 2725 quoniam
1239 2659 1343 2724 quan-

280 2754 347 2810 tum
368 2748 493 2831 ingenio
512 2748 628 2840 minpr,
650 2753 772 2813 tantarm
795 2746 855 2814 boo
876 2755 950 2815 voto
970 2749 1111 2815 Varrone
1130 2768 1199 2813 sum
1217 2746 1343 2833 potior.“
1380 2752 1384 2757 ’

281 2890 323 2901 -
351 2852 445 2918 Plura
474 2856 527 2940 qui
555 2855 640 2942 cupit
666 2853 705 2919 dc
733 2854 941 2942 prcmeride
969 2856 1076 2925 Navali
1106 2856 1222 2941 legere,
1258 2856 1345 2921 adeat

281 2960 480 3027 Krabnerum
507 2963 525 3028 l.
550 2963 569 3028 Ι.
599 2986 627 3050 p.
651 2961 690 3029 18
710 2983 792 3049 sqq„
823 2966 878 3051 qui
902 2965 992 3031 docta
1015 2974 1048 3030 ct
1075 2972 1215 3031 accurate
1242 2964 1282 3029 de
1309 2984 1344 3028 eo

283 3070 361 3137 libro
380 3070 515 3157 disputat
539 3077 600 3151 17).

367 3181 620 3269 Owrcpruplciam
646 3205 708 3249 non
729 3184 852 3249 Reatini
874 3204 956 3261 csse,
984 3183 1038 3249 scd
1059 3182 1178 3249 Atacini
1196 3182 1346 3247 Varronis

351 3403 395 3461 ¹⁰)
416 3402 482 3452 Inde
499 3402 636 3465 repetitus
655 3407 750 3455 exstat
767 3403 850 3455 etiam
867 3404 896 3455 in
914 3406 998 3455 Varr.
1015 3405 1084 3467 opp.
1105 3404 1148 3455 ed.
1164 3402 1223 3465 uip.
1241 3405 1307 3452 tom.
1325 3404 1348 3464 Ι,

282 3495 307 3543 Ρ·
325 3484 376 3533 XX
392 3497 452 3546 flat·

351 3566 395 3623 Η)
413 3562 503 3629 Hujus
521 3566 732 3630 uouemeradoc
752 3583 851 3621 nomen
873 3570 945 3620 male
963 3574 1126 3631 corruptum
1144 3569 1214 3617 latet
1230 3566 1260 3617 in
1280 3567 1348 3617 loco

281 3648 398 3711 quodam
417 3648 511 3699 nervii
532 3649 655 3701 abiona
674 3652 784 3714 plenius
801 3653 878 3703 editt.
912 3656 1009 3704 Locus
1027 3657 1074 3703 est
1090 3651 1126 3702 ad
1142 3651 1222 3714 virg.
1239 3650 1349 3713 Georg.

279 3732 299 3779 1.
314 3730 336 3795 1,
355 3744 382 3779 v.
401 3730 460 3781 ³97.
476 3735 542 3782 tom.
560 3734 597 3799 11,
613 3748 641 3797 p.
659 3735 709 3786 222
726 3736 756 3787 in
774 3738 884 3788 adnot:
914 3736 1070 3803 ,‚'1¹enuia
1086 3736 1188 3787 nebula
1205 3734 1348 3797 uocatur,

280 3825 351 3877 quae
376 3814 532 3867 imminente
559 3821 723 3881 tempestate
747 3822 783 3870 cb
807 3820 917 3871 nimiam
943 3820 1086 3871 levitatem
1112 3819 1155 3869 in·
1169 3830 1237 3869 aere
1262 3819 1349 3867 vento

279 3894 438 3962 jactantur:
462 3899 526 3950 item
548 3902 656 3953 vellera
672 3904 760 3954 nubes
780 3904 850 3955 dixit
866 3903 962 3955 tenuta
978 3914 1142 3965 areanum,
1164 3912 1236 3963 quae
1259 3898 1353 3949 immi-

274 3981 362 4032 nente
381 3986 546 4047 tempestate
567 3998 618 4047 per
641 3999 709 4037 aera
727 3990 884 4051 raptantur.
917 3990 1033 4038 Varro
1058 3986 1087 4036 in
1111 3984 1352 4048 upamentae:

280 4065 376 4118 Nubes
399 4069 510 4120 vellera
528 4071 614 4121 lance
632 4068 782 4123 stabunt.“
815 4071 862 4123 uic
882 4075 911 4122 at
927 4073 1042 4121 Aratus.
