2934 4750
325 331 520 377 sssussnnn
542 330 773 378 sansnsnasnn
795 329 977 389 suusqusaa.
1125 311 1190 376 wi

125 499 181 550 culi
204 497 341 564 inissent,
372 498 413 550 its
433 500 463 550 et
485 495 642 549 sententias
664 495 863 564 intercidebat,
897 498 927 548 et
950 495 1036 548 verba
1057 499 1189 562 corrupta

123 581 333 646 pronunciabat.
368 581 470 634 laeuus
483 580 571 644 igilur
586 581 652 632 mibi
667 581 767 634 librum
780 581 875 633 nuliis
887 577 948 646 J'ans
960 578 1126 646 ridentibus,
1144 585 1189 632 ela

122 663 262 732 „vinens
278 664 378 729 inquit,
394 666 517 730 „oculos
534 675 614 716 meos
631 677 738 730 aegros
756 663 935 728 assiduisque
946 662 1189 717 lucubrationibus

122 762 211 812 propo
224 746 286 814 jam
299 749 441 812 paruitas:
473 747 522 807 vla
537 747 619 810 ipsos
634 748 781 800 literarum
798 748 895 811 apices
911 747 991 811 potul
1009 749 1191 810 conprehen-

123 833 204 883 ‹lerez
227 845 311 896 quusn
330 833 432 884 valebo
451 832 487 882 ab
505 830 613 895 oculis,
631 831 726 883 revise
744 833 779 882 ad
796 843 855 897 suc,
876 832 905 882 et
921 831 1021 883 librum
1036 831 1121 884 isium
1139 831 1189 883 tibi

47 959 50 962 ,
123 918 211 967 totum
224 913 350 979 legam“.
385 914 526 980 ‚,ilecte“‚
542 914 669 978 inquam,
684 915 744 981 „sit
760 914 852 966 oculis
870 914 1006 979 magister
1022 915 1088 966 tuis.
1123 916 1189 983 Sed,

122 999 151 1050 in
174 1012 231 1063 quo
250 998 309 1049 lilia
331 999 400 1050 nibil
423 1011 494 1062 oque
514 1001 575 1062 eat,
602 997 646 1062 iu,
672 1009 746 1062 rogo
769 999 813 1062 te,
839 996 917 1046 dicas
937 996 1011 1046 mibi.
1047 996 1189 1052 cuniam

119 1084 281 1147 proauiam
295 1081 325 1132 in
339 1082 394 1134 boc
408 1083 490 1148 loco,
510 1093 590 1147 quem
605 1081 719 1148 legisti,
738 1081 802 1144 quii
819 1072 1000 1144 significeti‘
1033 1081 1124 1144 Atque
1140 1083 1190 1134 iiie

121 1165 257 1230 egregius
273 1167 389 1230 nebulo,
423 1159 505 1230 quasi
523 1161 631 1217 liificili
653 1164 821 1228 quaestione
834 1151 1026 1228 'perterritum
1062 1167 1192 1228 exsurgit

36 1270 40 1275 ’
121 1249 218 1300 atatim
231 1252 262 1300 et
277 1249 389 1300 abienus
413 1246 533 1315 „Non“,
549 1249 653 1313 inquit,
669 1259 806 1314 ,‚1sarvam
821 1258 881 1298 rem
898 1245 1026 1311 quaerisz
1050 1246 1119 1297 talia
1134 1259 1189 1312 ego

122 1332 215 1396 gratis
231 1345 289 1384 non
306 1331 427 1384 doceo“.
443 1358 479 1370 -
496 1357 525 1370 -
545 1333 617 1393 Quid
636 1327 779 1396 significet
794 1330 953 1395 prandiam
971 1331 1115 1394 cassianus,
1131 1342 1191 1381 ren

121 1417 271 1468 leviculum
289 1416 338 1468 «liu
355 1418 384 1467 ct
403 1415 488 1466 anxie
508 1415 706 1478 quaesivimus.
739 1412 887 1465 Prandium
906 1415 999 1465 autem
1017 1412 1191 1480 abstemium,

121 1500 152 1552 in
169 1513 225 1564 quo
241 1499 310 1550 nibil
326 1499 385 1550 vini
399 1502 524 1564 potatur,
541 1499 669 1550 caninum
686 1495 799 1562 licitur,
815 1497 945 1563 quoniam
960 1497 1040 1548 canis
1056 1497 1123 1547 vino
1141 1509 1194 1548 ca-

121 1588 177 1635 ret.
212 1584 300 1644 Quum
315 1583 405 1648 igitur
420 1583 540 1634 mellum
557 1582 649 1634 vinnm
666 1582 853 1646 appellasset,
887 1580 962 1644 quoi
977 1593 1068 1645 neque
1088 1593 1192 1633 novum

121 1669 202 1718 esset
218 1679 310 1730 noque
328 1669 424 1730 vetus,
450 1670 481 1717 et
495 1668 656 1729 plerumque
672 1665 798 1716 homines
817 1665 858 1715 lta
872 1665 1038 1730 loquantur,
1062 1667 1094 1715 ul
1111 1676 1192 1715 omna

121 1752 216 1802 vinum
229 1752 278 1800 aut
295 1762 398 1800 novum
415 1762 481 1799 esse
499 1749 603 1814 dicant,
618 1752 668 1798 aut
684 1751 777 1815 vetula,
795 1749 899 1800 nullasu
912 1748 967 1798 vim
981 1747 1083 1799 babere
1101 1748 1193 1812 algui·

120 1831 222 1885 ficavit
236 1845 327 1897 neque
341 1830 409 1883 novi
425 1845 516 1897 noque
534 1831 656 1896 veteris,
675 1831 750 1894 quod
768 1831 886 1884 medium
904 1833 996 1898 esset,
1012 1832 1120 1884 idcirco
1137 1845 1190 1896 pro

120 1918 191 1970 vino
208 1928 265 1967 non
281 1916 448 1981 mendum,
480 1916 546 1981 quia
561 1928 652 1980 neque
668 1915 867 1982 morigeratae,
899 1927 991 1980 neque
1009 1917 1189 1970 calefaceret.

120 2000 303 2065 Refrigerata
317 1999 345 2050 id
362 1999 445 2065 lixit,
463 2003 535 2063 quod
552 2000 660 2052 Graece
677 1993 822 2066 ἄναψύξαι
839 1997 971 2052 dicitun“.
