2934 4750
294 337 334 378 os
354 337 480 380 essene
503 338 650 383 saronae
673 341 856 384 nauseasse
878 342 1046 387 vaanonrs.
1161 327 1205 389 8⁶6

135 498 247 564 reeiius
266 501 393 566 omnino
415 503 448 568 in
469 505 667 588 argumentis,
687 507 801 591 quibus
821 515 954 594 uterque
976 509 1008 573 in
1030 510 1094 574 suis
1116 511 1202 577 libris

133 627 208 672 usus
229 615 285 686 est,
305 609 399 695 inque
423 615 573 680 sermonis
595 615 673 680 salsa
695 615 859 682 festivitate
880 617 996 682 similes
1017 618 1087 684 illos
1107 619 1202 685 luisse

133 714 253 782 dixeris.
296 719 405 805 Neque
433 742 520 787 secus
551 723 583 786 in
611 723 789 789 universum
816 724 964 810 judicavit
990 725 1201 806 casaubonus,

132 824 218 910 cujus
239 825 332 892 verba
353 827 402 893 hie
420 831 506 916 juvat
529 832 715 898 adscribere:
738 835 805 910 „Ex
825 832 874 898 his
894 835 1048 920 sequitur,
1067 838 1200 923 Menip-

132 953 204 1018 peas
224 957 242 1000 a
259 937 399 1004 Varrone
422 938 515 1006 luisse
538 940 634 1006 dictas
657 941 771 1007 Satires
794 964 873 1020 sues,
896 965 959 1008 non
981 946 1053 1032 quia
1077 967 1200 1033 pmsam

132 1063 201 1108 cum
236 1067 328 1113 versu
364 1049 472 1114 eodem
504 1051 596 1116 modo
631 1052 824 1130 miscuerint,
861 1052 915 1118 sed
945 1063 1071 1141 propter
1101 1058 1200 1124 simile

131 1153 286 1238 quoddam
300 1156 500 1242 jucunditatis
522 1168 801 1246 temperamentum
821 1162 853 1225 in
871 1164 999 1228 materia
1020 1186 1084 1228 non
1102 1166 1201 1230 dissi-

131 1261 212 1327 mili:
235 1272 272 1330 ut
295 1287 358 1331 non
380 1268 434 1332 abs
456 1277 679 1356 neutrumque
701 1268 785 1334 hune
806 1278 964 1334 auctorem
987 1285 1203 1356 σπουδογέλοιον

131 1378 161 1436 et
181 1374 293 1460 scripta
313 1377 474 1443 amborum
493 1377 718 1463 philosophiam
739 1377 897 1442 ludentem
921 1379 960 1443 sit
979 1379 1090 1466 aliquis
1111 1402 1201 1446 nun—

130 1490 318 1566 cupaturus“
341 1490 405 1562 28).
448 1487 617 1553 Verissime
637 1486 710 1562 hoe,
732 1494 768 1550 ut
788 1486 867 1551 inira
888 1489 988 1572 eapite
1010 1497 1121 1573 quarto
1140 1512 1202 1556 oo-

130 1591 248 1675 piosius
274 1592 562 1660 demonstrabimus.
616 1595 758 1680 Namque
786 1595 819 1658 in
846 1595 1042 1682 philosophie
1069 1600 1202 1665 maxime

128 1697 226 1763 luisse
246 1700 408 1786 utriusque
425 1703 531 1768 Musas
552 1713 722 1790 occupatas,
743 1702 854 1789 ineptis
877 1711 1028 1771 sectarum
1049 1707 1200 1794 dogmatis

128 1807 352 1889 infestissimas,
375 1811 413 1876 de
427 1815 566 1878 Varrone
588 1814 712 1899 quidem
733 1821 886 1878 testantur
901 1813 1081 1881 Saturarum
1104 1818 1201 1903 ipsius

130 1918 278 2004 reliquiae
303 1927 372 1998 ²⁹),
404 1923 442 1986 de
464 1922 613 2008 Menippo
640 1931 748 1989 eontra
775 1924 856 1988 inter
879 1923 938 1988 alia
960 1923 1143 1991 documenta
1169 1936 1201 1992 et

131 2029 216 2093 loeus
233 2029 359 2096 Luciani
382 2032 501 2118 Dialog.
521 2034 668 2110 Morti,
690 2033 745 2098 ubi
763 2033 919 2118 Diogenes
938 2032 1057 2100 Polluei
1081 2035 1119 2100 ad
1142 2037 1200 2102 lu-

131 2158 197 2202 eem
224 2140 360 2208 redituro
388 2142 528 2228 Menippi
556 2141 695 2209 habitum
723 2142 868 2207 describit
895 2142 952 2207 sie:
988 2156 1096 2228 „piem
1115 2156 1200 2222 (ἐστὶ)

130 2246 285 2317 φαλακρὸς,
296 2249 446 2320 τριβώνιον
462 2248 530 2317 ἔχων
548 2248 712 2319 πολύθυρον
730 2243 836 2302 ἆποίντι
854 2245 946 2319 ἀνέμῳ
959 2242 1201 2316 ἀναπεπταμένον,

129 2337 177 2393 καί
194 2344 256 2403 ταῖς
276 2337 443 2410 ἐπιπτυχαῖς
460 2343 518 2395 τῶν
535 2338 641 2409 ῥακίων
659 2341 799 2395 ποικίλον·
824 2339 905 2411 γελᾷ
923 2338 960 2393 oi
979 2336 1052 2403 nisi,
1077 2336 1135 2392 καλ
1160 2337 1201 2392 eol

130 2430 237 2487 πολλὰ
256 2429 339 2493 τούς
364 2429 542 2495 ἀλαζόνας
563 2430 718 2492 τούτους
736 2429 979 2497 φιλοσόφους“
1000 2435 1054 2491 ⁸⁰).
1074 2460 1109 2471 --

199 2611 245 2667 ²⁸)
265 2606 463 2659 Cosanum.
484 2622 510 2671 p.
531 2610 590 2658 2⁰8.

200 2693 246 2752 ²⁹)
264 2692 337 2742 vide
355 2704 407 2742 nos
423 2692 496 2742 inira
511 2692 540 2741 iu
559 2691 626 2755 Gap
644 2694 693 2743 iv.

203 2778 250 2835 ὅθ)
270 2776 388 2827 Praeter
415 2777 489 2839 quod
510 2780 635 2839 apertura
659 2776 862 2840 testimoninm,
889 2777 919 2827 in
937 2775 1056 2827 noemin
1080 2775 1202 2841 dialogis

128 2860 208 2911 multi
223 2859 273 2911 alii
289 2859 347 2909 ioci
361 2859 548 2927 reperiuntur,
564 2861 664 2925 quibus
680 2861 724 2921 hie
741 2860 781 2912 uti
796 2860 901 2923 possis.
937 2859 1045 2911 cuneta
1060 2872 1133 2923 quae
1147 2862 1201 2911 huo

127 2943 270 3006 pertinent
286 2957 340 2993 nos
357 2943 431 2995 inira
448 2944 641 2996 adnotabimus
655 2945 723 3008 cap.
739 2946 789 2996 iv.
804 2971 839 2983 -
854 2944 985 2996 cesenam
998 2958 1100 2995 novam
1113 2953 1202 3007 quan-

129 3029 192 3077 dam
206 3029 240 3077 de
257 3027 405 3089 Menippeo
424 3040 530 3092 genere
548 3029 715 3080 sententiam
730 3028 879 3091 proposuit
895 3028 1069 3079 Welelrerus
1087 3029 1116 3079 in
1132 3042 1201 3092 pro-

127 3111 284 3175 legomenis
301 3112 589 3177 ad'l'heogn.GX111.
605 3110 759 3178 affirmans,
776 3112 899 3175 Menippi
916 3117 946 3162 et
958 3109 1098 3162 Varronis'
1111 3113 1201 3164 libros

128 3195 235 3247 Bioneo
251 3195 410 3257 disputandi
424 3197 523 3260 generi
542 3199 686 3249 admodum
704 3196 811 3247 slmiles
826 3196 926 3245 misse.
961 3197 1004 3245 De
1027 3197 1115 3246 itione
1132 3198 1202 3247 Dio·

128 3279 361 3344 geneshaertius
379 3280 461 3344 1.1v‚
479 3294 503 3328 s.
516 3280 565 3329 52:
584 3269 640 3344 „viv
657 3272 707 3328 δέ*
724 3278 814 3341 inquit
830 3272 899 3339 „nal
914 3272 1069 3341 θεατρικὸς
1085 3274 1132 3327 καλ
1149 3293 1202 3328 πο-

128 3358 180 3422 λέος
196 3356 226 3413 dv
243 3359 283 3430 egi
301 3358 397 3427 γελοίῳ
410 3358 595 3425 διαφορῆσαι,
607 3360 754 3425 φορτικοῖς
772 3353 894 3421 ὀνόμασι
910 3352 984 3407 κατὰ
1000 3358 1057 3408 τῶν
1073 3356 1202 3427 πραγμά-

127 3460 187 3497 των
200 3438 355 3510 χρώμενος·
374 3439 421 3493 dmi
438 3437 474 3508 δὴ
494 3432 593 3494 οὖντὸ
611 3439 696 3493 παντί
713 3439 782 3493 eldea
798 3437 882 3507 λόγου
899 3439 1058 3505 κεκρᾶσθαί
1069 3457 1141 3508 φασι
1157 3439 1201 3496 λέ-

128 3544 188 3595 γειν
206 3521 251 3579 ἐπ’
269 3520 358 3579 αιίνοῡ
376 3525 427 3577 τὸν
444 3518 664 3593 Ἐρατοσθένην,
693 3518 737 3586 τίς
761 3523 900 3593 πρῶτος
920 3523 1007 3577 Βίαν
1023 3524 1087 3595 τὴν
1104 3533 1201 3595 φιλο-

129 3611 261 3677 σοφίαν
284 3605 418 3662 dedendo
443 3604 622 3661 ἐνέδυσεν·
648 3606 759 3677 εὐφυὴς
780 3604 836 3674 γὰρ
854 3598 892 3676 ἦν
913 3606 962 3661 καί
985 3611 1154 3682 παρῳδῆσαι
1175 3631 1201 3667 κ.

128 3714 154 3749 τ.
171 3697 216 3748 λ.“
250 3699 346 3747 Ιιοοοτ
360 3695 556 3747 Eratosthenis
575 3699 669 3747 exstat
686 3697 758 3757 apud
769 3696 933 3745 §hebonem
945 3698 965 3746 1.
980 3698 1003 3763 1,
1016 3712 1043 3761 p.
1056 3699 1105 3749 tt:
1124 3693 1202 3763 „tyt-

129 3794 215 3831 νοντο
232 3774 302 3845 γάρ,
330 3792 417 3845 φησιν
434 3771 450 3831 ὁ
468 3772 690 3844 Ἐρατοσθένης,
721 3770 760 3837 oie
778 3772 913 3829 οὐδέποτε
933 3776 1007 3830 κατὰ
1026 3782 1129 3833 τοῦτον
1150 3776 1202 3833 τὸν

129 3858 232 3929 καιρὸν
247 3855 298 3928 ὑφ’
315 3857 365 3914 ἕνα
381 3860 531 3931 περίβολον
547 3859 595 3913 καλ
612 3860 681 3928 μίαν
697 3857 779 3913 πόλιν
797 3858 825 3913 oi
841 3853 901 3912 κατ’
916 3854 1061 3927 Ἀρίστωνα
1078 3861 1126 3915 καί
1143 3859 1201 3929 Ἀρ-

130 3945 259 3999 κεοίλαον
276 3938 453 4013 ἄνθήσαντις
472 3940 634 4012 φιλόσοφοι.
673 3941 733 4011 Οιίχ
751 3940 851 3996 ίκανόν
868 3939 894 3995 d'
912 3939 991 4010 οἶμαι
1008 3948 1106 4009 τοῦτο,
1130 3940 1201 3999 ἀλλὰ

129 4028 164 4083 τὸ
190 4026 296 4096 κρίνειν
322 4028 428 4092 καλῶς,
456 4024 499 4091 οἷς
523 4030 630 4095 μᾶλλον
656 4024 812 4094 προσιτέον.
845 4022 879 4079 Ὀ
904 4022 936 4079 di
957 4021 1128 4094 Ἀρκεσίλαον
1154 4024 1200 4077 καί

130 4109 278 4181 Ἀρίστωνα
294 4113 351 4166 τῶν
366 4104 433 4167 καθ’
452 4108 553 4165 ἑαυτὸν
571 4107 762 4179 ἄνθησάντωυ
777 4111 953 4179 κορυφαίους
971 4112 1098 4175 τίθησιν·
1112 4102 1201 4161 ’Λαιλ-
