2934 4750
574 209 662 267 90
1058 266 1068 275 „
1255 225 1321 266 u.
1366 223 1674 269 runnu-ru
1719 191 2034 270 vaaaoms

572 393 871 458 „Puppae,
918 385 1251 455 πλαγγόνες,
1290 387 1349 440 αὶ
1384 390 1498 441 τῶν
1534 389 1779 443 παιδίων
1819 389 2094 458 νύμφαι“.
2125 420 2194 432 ·-
2243 393 2481 446 Videtur
2513 408 2698 447 senum

575 476 869 540 puerilitas
912 476 1188 526 denotari.

709 563 760 610 5.
832 562 935 623 Ap.
988 561 1131 609 Non.
1181 574 1234 622 p.
1273 560 1405 622 171,
1468 560 1553 611 27.
1601 575 1655 612 v.
1706 545 1934 623 ‘sperem
1972 565 2200 612 veteres
2238 573 2394 624 spem
2428 563 2697 617 dixerunt.

573 673 641 683 —
685 649 900 696 Locum
948 643 1153 694 misere
1203 648 1525 707 corruptum
1580 646 1665 695 sic
1723 645 2056 712 conjectura
2104 645 2408 697 restituere
2466 651 2695 699 conatus

507 766 511 772 .
574 713 714 780 sum.
784 731 884 780 Ed.
920 729 1056 779 1842
1088 728 1335 779 exhibet:
1377 730 1467 780 ita
1491 728 1758 781 sublimis
1790 744 1878 796 sp.
1900 730 2139 795 ,iactato
2168 733 2526 783 nominativo
2567 733 2696 795 (no-

573 815 835 865 minatuo
889 815 1121 875 praebet
1170 810 1307 863 Cod.
1357 814 1539 877 Lugd.
1590 817 1648 864 et
1693 828 1802 878 mg.
1857 816 2016 874 Jun.)
2063 816 2372 867 volitantis
2414 817 2572 869 altos
2613 821 2697 868 ni-

574 901 699 950 tens
742 896 1022 949 trudito“.
1090 899 1230 948 Item
1261 900 1437 947 Merc.
1518 898 1711 960 Inepte
1747 899 1987 960 Popma:
2058 899 2347 951 Sublimes
2381 913 2467 965 sp.
2498 902 2694 953 natatu

572 985 802 1047 naaria,
870 983 1191 1034 Volitantes
1229 997 1283 1034 a.
1322 983 1543 1033 ”tontes
1592 980 1880 1034 trudito“.
1948 983 2199 1034 Felicius
2234 985 2517 1043 Reuvens.
2557 985 2691 1036 Coll.

568 1069 653 1119 lit.
689 1081 742 1130 p.
783 1066 881 1117 120
914 1080 1072 1130 sqq.:
1144 1068 1243 1118 Ita
1287 1056 1553 1118 sublimis
1602 1080 1650 1118 s.
1695 1067 1937 1120 Jactato
1980 1070 2208 1120 nomine
2252 1069 2381 1135 tuo,
2445 1071 2694 1121 volitan-

573 1153 682 1203 teie
717 1152 840 1203 alto
869 1154 1009 1203 nido
1046 1148 1429 1219 extrudito“‚
1488 1163 1632 1214 quae
1667 1151 1749 1202 ita
1781 1153 2056 1215 explicat:
2129 1153 2273 1218 „Hic
2309 1154 2576 1204 memoria
2609 1168 2695 1204 re-

569 1237 751 1300 repeti
785 1237 952 1287 velim
986 1239 1227 1289 Saturae
1262 1235 1644 1303 Aboriginum
1677 1241 2092 1304 argumentum,
2129 1237 2402 1289 hominum
2435 1235 2532 1304 ajo
2568 1239 2694 1290 edu-

567 1323 843 1373 cationem
891 1325 949 1372 et
992 1321 1342 1386 ingeniorum
1389 1323 1682 1372 culturam.
1751 1323 1948 1373 Nonne
1986 1326 2118 1374 tunc
2160 1324 2383 1386 planum
2424 1319 2516 1388 fit,
2578 1337 2694 1375 ser-

564 1420 780 1458 monem
816 1419 950 1458 esse
986 1408 1055 1457 de
1089 1399 1326 1458 liberis?
1391 1406 1610 1470 Ecquid
1641 1405 1820 1472 aliud,
1869 1420 2030 1471 quam
2069 1407 2373 1459 conversio
2411 1409 2484 1458 ad
2518 1409 2687 1458 civem

570 1494 884 1558 superbum,
918 1491 1015 1555 qni
1043 1492 1254 1542 liberos
1292 1503 1430 1542 suos
1465 1490 1717 1554 quamvis
1747 1492 1991 1542 tenellae
2025 1493 2232 1543 aetatis
2267 1496 2449 1543 tamen
2481 1492 2690 1543 nomine

566 1580 801 1639 paterno
844 1573 964 1641 jam
1001 1576 1445 1640 insolescentes,
1516 1576 1584 1626 ad
1631 1575 1982 1626 ambitiosum
2028 1577 2180 1628 vitae
2226 1591 2417 1642 genus
2453 1577 2691 1642 instruit,

567 1661 730 1724 quasi
764 1660 889 1710 avis
922 1661 1109 1723 pullos
1150 1659 1247 1709 vix
1289 1663 1386 1710 aut
1422 1673 1493 1710 ne
1529 1659 1623 1710 vix
1667 1661 1886 1724 quidem
1929 1662 2191 1712 volantes
2234 1663 2368 1714 nido
2409 1659 2690 1725 expellit“.

563 1744 817 1795 Facilior
857 1748 1059 1795 nostra
1107 1744 1419 1795 emendatio
1467 1745 1691 1796 videtur
1732 1758 1884 1796 esse.
1962 1745 2343 1799 Athritramur
2382 1747 2473 1796 liis
2516 1745 2692 1797 versi-

563 1828 708 1878 culis
742 1829 931 1879 notari
965 1830 1178 1892 patrem
1219 1841 1320 1892 spe
1355 1829 1526 1880 nimia
1557 1832 1616 1879 et
1652 1829 1947 1880 ambItiosa
1982 1830 2042 1880 in
2090 1827 2193 1882 filii
2225 1831 2527 1882 virtutibus
2561 1842 2686 1881 sese

552 1909 885 1976 jactantem.
962 1914 1277 1967 Volitantis
1314 1927 1398 1964 sc.
1436 1914 1736 1966 ambitione
1774 1918 1832 1965 et
1868 1916 2138 1967 honorum
2177 1915 2508 1979 cupiditate3
2544 1917 2608 1965 in
2640 1914 2690 1965 d.

563 1999 786 2049 trudito
822 2000 875 2048 h.
908 2011 959 2049 e.
1007 2011 1186 2062 usque
1231 2001 1304 2051 ad
1344 2000 1503 2064 ipsos
1547 2001 1688 2050 deos
1735 1997 1874 2051 effer
1913 2002 2121 2052 natum.
2193 2001 2431 2051 Verbum
2467 2000 2690 2050 trudere

564 2084 848 2135 commode
882 2083 971 2134 hic
1003 2084 1147 2135 verti
1177 2087 1367 2148 potest
1394 2097 1498 2150 per
1526 2087 1781 2136 nostrum
1815 2087 2146 2150 poussiren.
2218 2082 2300 2135 Cf.
2332 2083 2452 2135 Cic.
2481 2085 2551 2134 ad
2579 2086 2687 2134 Att.

560 2169 618 2234 1,
659 2181 745 2233 ep.
783 2169 879 2234 16,
917 2169 1001 2220 12.

1388 2399 1460 2447 11.
1533 2398 1854 2449 AGATHO.

696 2512 929 2568 saturae,
966 2508 1020 2554 in
1055 2517 1155 2563 qua
1191 2508 1253 2553 de
1299 2507 1485 2554 amoris
1530 2512 1708 2555 natura
1753 2507 2050 2563 disputaret,
2098 2506 2259 2553 Varro
2292 2503 2570 2560 Agathonis
2603 2515 2689 2551 no-

561 2576 691 2624 mine
730 2577 1042 2633 potissimum
1074 2576 1445 2623 inscribendum
1478 2586 1599 2623 esse
1633 2575 1840 2633 putavit,
1880 2574 2061 2631 qnippe
2095 2573 2179 2628 qui
2217 2574 2279 2619 de
2315 2576 2412 2619 hac
2439 2573 2557 2628 ipsa
2588 2582 2689 2619 ma-

558 2644 686 2690 teria
719 2645 771 2691 in
797 2645 1021 2691 Platonis
1056 2644 1323 2699 symposio
1357 2649 1457 2691 tam
1487 2647 1747 2699 praeclare
1783 2643 2007 2701 disserit,
2055 2644 2244 2688 docens
2279 2642 2515 2688 Amorem
2542 2642 2690 2694 juve-

562 2722 677 2757 nem
713 2724 831 2758 esse
862 2715 1087 2770 mollem,
1132 2716 1384 2771 tenerum,
1433 2709 1686 2769 floridum,
1731 2723 1851 2759 esse
1887 2710 2046 2757 omnis
2080 2708 2344 2766 pravitatis
2380 2714 2428 2755 et
2465 2708 2692 2754 deformi-

564 2778 679 2825 tatis
714 2779 1007 2825 acerrimum
1038 2779 1313 2837 inimicum,
1372 2790 1494 2825 esse
1537 2778 1789 2825 fortiorem
1821 2779 1955 2825 omni
1988 2778 2041 2824 vi
2084 2783 2232 2833 atque
2275 2777 2519 2837 potentia,
2575 2788 2692 2824 esse

562 2846 779 2892 Deorum
809 2846 1156 2899 hominumque
1192 2850 1598 2905 gubernatorem,
1651 2852 1696 2893 et
1736 2849 1799 2893 ad
1837 2857 2010 2893 omnes
2040 2846 2250 2900 denique
2287 2848 2422 2892 artes
2459 2851 2509 2892 et
2544 2844 2693 2891 disci-

561 2914 727 2968 plinas
770 2916 947 2959 ducem
988 2913 1332 2960 certissimum.
1399 2916 1459 2961 V.
1505 2916 1632 2961 Plat-
1680 2918 1916 2971 sympos.
1963 2927 2008 2962 c.
2045 2914 2111 2961 17
2125 2911 2290 2959 -19.
2327 2936 2398 2946 —
2439 2914 2693 2968 Quaenam

559 2982 800 3030 Varronis
835 2980 980 3027 fuerit
1021 2981 1072 3027 in
1116 2984 1213 3027 hac
1255 2982 1463 3029 materia
1508 2984 1655 3043 ratio,
1707 2995 1774 3029 ex
1807 2983 1887 3031 his
1926 2982 2246 3037 reliquiarum
2272 2981 2491 3027 minutiis
2528 2980 2692 3035 colligi

559 3050 743 3104 nequit.
822 3052 995 3105 Inepta
1040 3049 1173 3096 enim
1218 3055 1296 3097 est
1338 3052 1559 3107 Popmae
1605 3052 1892 3107 conjectura
1937 3050 2221 3108 statuentis,
2264 3048 2556 3103 scriptorem
2599 3052 2694 3094 hac

561 3120 739 3166 Satura
782 3120 961 3165 inanes
1002 3118 1376 3166 adolescentiae
1419 3120 1713 3175 cupiditates
1754 3122 1935 3166 acerbe
1975 3119 2268 3165 insectatum
2305 3126 2425 3163 esse
2475 3121 2562 3175 „et
2598 3119 2691 3161 hoc

560 3189 859 3242 gravissime
897 3188 1184 3247 monuisse,
1222 3188 1400 3235 decere
1436 3193 1638 3235 teneros
1672 3192 1721 3234 et
1752 3190 1932 3234 molles
1973 3187 2169 3234 animos
2199 3187 2467 3243 Juvenum,
2514 3184 2690 3231 studiis

557 3256 808 3307 doctrinae
844 3257 910 3303 ad
938 3256 1169 3304 virtutem
1194 3257 1565 3313 percipiendam
1598 3256 1751 3304 imbui
1786 3261 1836 3302 et
1868 3250 2210 3312 praeparari.“

601 3358 657 3420 l.
722 3354 913 3420 Pueri
954 3354 1237 3420 obscenis
1275 3353 1481 3422 verbis
1524 3375 1720 3423 novae
1762 3352 2059 3440 nuptulae
2101 3371 2283 3418 aures
2321 3355 2616 3416 returant.

592 3464 652 3528 2.
717 3463 909 3549 Virgo
951 3464 1028 3528 de
1074 3463 1356 3530 convivio
1398 3464 1717 3530 abdicatur
1757 3463 1927 3541 ideo,
1979 3460 2147 3549 quod
2190 3459 2451 3546 majores
2497 3456 2686 3523 nostri

719 3571 974 3658 virginis
1010 3572 1270 3640 acerbae
1328 3575 1495 3641 auris
1538 3573 1798 3640 Veneris
1836 3570 2157 3649 ‚vocabulis
2211 3568 2405 3636 imbui
2455 3567 2687 3634 nolue-

726 3689 889 3748 runt.

592 3792 649 3858 3.
717 3792 802 3858 Et
856 3794 1032 3881 pueri
1089 3794 1153 3859 in
1208 3794 1463 3859 aedibus
1519 3792 1761 3878 saepius
1819 3790 2081 3880 pedibus
2125 3789 2465 3866 offensant,
2544 3786 2689 3852 dum

715 3911 991 3970 recentes
1035 3912 1309 3972 musteus
1351 3904 1416 3970 in
1455 3901 1733 3969 carnario
1776 3900 2089 3968 fluitantes
2127 3898 2491 3986 suspiciunt.

589 4014 647 4077 4.
717 4012 888 4092 Quid
928 4013 1263 4081 tristiorem
1313 4012 1488 4080 video
1533 4021 1595 4078 te
1635 4033 1770 4079 esse
1809 4033 1995 4099 quam
2038 4008 2328 4077 antidhac

1583 4695 2008 4703 —n
2328 4697 2504 4703 —ss—
2579 4681 2836 4707 -,»-’-ι·“
