<?xml version="1.0" encoding="UTF-8"?>
<!DOCTYPE html PUBLIC "-//W3C//DTD XHTML 1.0 Transitional//EN"
    "http://www.w3.org/TR/xhtml1/DTD/xhtml1-transitional.dtd">
<html xmlns="http://www.w3.org/1999/xhtml" xml:lang="en" lang="en">
 <head>
  <title>
</title>
<meta http-equiv="Content-Type" content="text/html;charset=utf-8" />
  <meta name='ocr-system' content='tesseract 3.04.00' />
  <meta name='ocr-capabilities' content='ocr_page ocr_carea ocr_par ocr_line ocrx_word'/>
</head>
<body>
  <div class='ocr_page' id='page_1' title='image "./mterentiusvarro00oehlgoog/mterentiusvarro00oehlgoog_0092.png"; bbox 0 0 2934 4750; ppageno 0'>
   <div class='ocr_carea' id='block_1_1' title="bbox 668 259 969 315">
    <p class='ocr_par' dir='ltr' id='par_1_1' title="bbox 668 259 969 315">
     <span class='ocr_line' id='line_1_1' title="bbox 668 259 969 315; baseline -0.007 -13"><span class='ocrx_word' id='word_1_1' title='bbox 668 260 771 305; x_wconf 79' lang='lat' dir='ltr'>carun</span> <span class='ocrx_word' id='word_1_2' title='bbox 804 259 969 315; x_wconf 74' lang='lat' dir='ltr'>cornuue.</span> 
     </span>
    </p>
   </div>
   <div class='ocr_carea' id='block_1_2' title="bbox 488 420 1054 584">
    <p class='ocr_par' dir='ltr' id='par_1_2' title="bbox 488 420 1443 722">
     <span class='ocr_line' id='line_1_2' title="bbox 488 420 1024 494; baseline -0.004 -14"><span class='ocrx_word' id='word_1_3' title='bbox 488 431 540 494; x_wconf 83' lang='lat' dir='ltr'>„si</span> <span class='ocrx_word' id='word_1_4' title='bbox 557 430 620 491; x_wconf 79' lang='lat' dir='ltr'>quis</span> <span class='ocrx_word' id='word_1_5' title='bbox 637 425 771 493; x_wconf 76' lang='grc' dir='ltr'>μελωδιῐν</span> <span class='ocrx_word' id='word_1_6' title='bbox 790 435 834 480; x_wconf 81' lang='lat' dir='ltr'>esc</span> <span class='ocrx_word' id='word_1_7' title='bbox 854 420 919 486; x_wconf 75' lang='grc' dir='ltr'><strong><em>ὄνος</em></strong></span> <span class='ocrx_word' id='word_1_8' title='bbox 938 422 1024 492; x_wconf 74' lang='grc' dir='ltr'><strong><em>λύρας</em></strong></span> 
     </span>
     <span class='ocr_line' id='line_1_3' title="bbox 489 519 1054 584; baseline -0.005 -14"><span class='ocrx_word' id='word_1_9' title='bbox 489 521 677 584; x_wconf 70' lang='lat' dir='ltr'>praesepibus</span> <span class='ocrx_word' id='word_1_10' title='bbox 696 534 727 572; x_wconf 86' lang='lat' dir='ltr'>sc</span> <span class='ocrx_word' id='word_1_11' title='bbox 747 521 868 572; x_wconf 74' lang='lat' dir='ltr'>retineat</span> <span class='ocrx_word' id='word_1_12' title='bbox 884 519 1054 584; x_wconf 79' lang='lat' dir='ltr'>forensibus,</span> 
     </span>
    </p>
   </div>
   <div class='ocr_carea' id='block_1_3' title="bbox 490 609 1090 770">
    <p class='ocr_par' dir='ltr' id='par_1_3' title="bbox 490 609 1090 770">
     <span class='ocr_line' id='line_1_4' title="bbox 491 609 1090 676; baseline -0.005 -12"><span class='ocrx_word' id='word_1_13' title='bbox 491 613 596 672; x_wconf 73' lang='lat' dir='ltr'>oucibus</span> <span class='ocrx_word' id='word_1_14' title='bbox 614 627 690 664; x_wconf 76' lang='lat' dir='ltr'>suem</span> <span class='ocrx_word' id='word_1_15' title='bbox 708 614 830 664; x_wconf 79' lang='lat' dir='ltr'>delectet</span> <span class='ocrx_word' id='word_1_16' title='bbox 845 613 905 676; x_wconf 85' lang='lat' dir='ltr'>ipse</span> <span class='ocrx_word' id='word_1_17' title='bbox 925 609 1057 662; x_wconf 85' lang='lat' dir='ltr'>emusiem</span> <span class='ocrx_word' id='word_1_18' title='bbox 1088 667 1090 674; x_wconf 55' lang='grc'>,</span> 
     </span>
     <span class='ocr_line' id='line_1_5' title="bbox 490 701 1066 770; baseline -0.005 -14"><span class='ocrx_word' id='word_1_19' title='bbox 490 709 526 756; x_wconf 78' lang='lat' dir='ltr'>Et</span> <span class='ocrx_word' id='word_1_20' title='bbox 544 706 705 757; x_wconf 78' lang='lat' dir='ltr'>aviditatem</span> <span class='ocrx_word' id='word_1_21' title='bbox 724 704 851 770; x_wconf 87' lang='lat' dir='ltr'>speribus</span> <span class='ocrx_word' id='word_1_22' title='bbox 870 706 957 754; x_wconf 80' lang='lat' dir='ltr'>lactet</span> <span class='ocrx_word' id='word_1_23' title='bbox 976 701 1066 755; x_wconf 84' lang='lat' dir='ltr'>suis.“</span> 
     </span>
    </p>
   </div>
   <div class='ocr_carea' id='block_1_4' title="bbox 283 791 1449 2084">
    <p class='ocr_par' dir='ltr' id='par_1_4' title="bbox 283 746 1449 2084">
     <span class='ocr_line' id='line_1_6' title="bbox 286 791 1349 881; baseline -0.003 -19"><span class='ocrx_word' id='word_1_24' title='bbox 286 799 328 863; x_wconf 85' lang='lat' dir='ltr'>Et</span> <span class='ocrx_word' id='word_1_25' title='bbox 348 805 450 862; x_wconf 85' lang='lat' dir='ltr'>lamen</span> <span class='ocrx_word' id='word_1_26' title='bbox 474 795 577 860; x_wconf 90' lang='lat' dir='ltr'>nescio</span> <span class='ocrx_word' id='word_1_27' title='bbox 603 817 642 860; x_wconf 90' lang='lat' dir='ltr'>un</span> <span class='ocrx_word' id='word_1_28' title='bbox 666 794 742 859; x_wconf 91' lang='lat' dir='ltr'>haec</span> <span class='ocrx_word' id='word_1_29' title='bbox 766 793 940 881; x_wconf 87' lang='lat' dir='ltr'>jucunditas</span> <span class='ocrx_word' id='word_1_30' title='bbox 967 791 1252 859; x_wconf 84' lang='lat' dir='ltr'>delectabilior&#39;aut</span> <span class='ocrx_word' id='word_1_31' title='bbox 1276 817 1349 878; x_wconf 84' lang='lat' dir='ltr'>gru·</span> 
     </span>
     <span class='ocr_line' id='line_1_7' title="bbox 285 903 1349 990; baseline -0.002 -20"><span class='ocrx_word' id='word_1_32' title='bbox 285 907 346 972; x_wconf 85' lang='lat' dir='ltr'>lior</span> <span class='ocrx_word' id='word_1_33' title='bbox 372 909 512 972; x_wconf 88' lang='lat' dir='ltr'>Romano</span> <span class='ocrx_word' id='word_1_34' title='bbox 541 905 665 990; x_wconf 84' lang='lat' dir='ltr'>ingenio</span> <span class='ocrx_word' id='word_1_35' title='bbox 693 903 800 980; x_wconf 80' lang='lat' dir='ltr'>luerit,</span> <span class='ocrx_word' id='word_1_36' title='bbox 831 923 922 988; x_wconf 87' lang='lat' dir='ltr'>quum</span> <span class='ocrx_word' id='word_1_37' title='bbox 951 904 975 968; x_wconf 92' lang='lat' dir='ltr'>si</span> <span class='ocrx_word' id='word_1_38' title='bbox 1003 903 1163 989; x_wconf 86' lang='lat' dir='ltr'>conjuncta</span> <span class='ocrx_word' id='word_1_39' title='bbox 1186 911 1267 967; x_wconf 83' lang='lat' dir='ltr'>esset</span> <span class='ocrx_word' id='word_1_40' title='bbox 1285 925 1349 968; x_wconf 92' lang='lat' dir='ltr'>cum</span> 
     </span>
     <span class='ocr_line' id='line_1_8' title="bbox 285 1012 1348 1102; baseline -0.003 -22"><span class='ocrx_word' id='word_1_41' title='bbox 285 1018 433 1102; x_wconf 82' lang='lat' dir='ltr'>gravitate</span> <span class='ocrx_word' id='word_1_42' title='bbox 460 1015 510 1079; x_wconf 86' lang='lat' dir='ltr'>ille</span> <span class='ocrx_word' id='word_1_43' title='bbox 539 1013 742 1091; x_wconf 81' lang='lat' dir='ltr'>sententiosa,</span> <span class='ocrx_word' id='word_1_44' title='bbox 772 1033 833 1098; x_wconf 89' lang='lat' dir='ltr'>qua</span> <span class='ocrx_word' id='word_1_45' title='bbox 849 1015 947 1079; x_wconf 86' lang='lat' dir='ltr'>Varro</span> <span class='ocrx_word' id='word_1_46' title='bbox 968 1022 1004 1078; x_wconf 81' lang='lat' dir='ltr'>ut</span> <span class='ocrx_word' id='word_1_47' title='bbox 1024 1013 1098 1077; x_wconf 89' lang='lat' dir='ltr'>alias</span> <span class='ocrx_word' id='word_1_48' title='bbox 1125 1012 1166 1076; x_wconf 86' lang='lat' dir='ltr'>ita</span> <span class='ocrx_word' id='word_1_49' title='bbox 1191 1013 1348 1098; x_wconf 82' lang='lat' dir='ltr'>praecipue</span> 
     </span>
     <span class='ocr_line' id='line_1_9' title="bbox 284 1121 1445 1209; baseline -0.005 -16"><span class='ocrx_word' id='word_1_50' title='bbox 284 1127 317 1193; x_wconf 88' lang='lat' dir='ltr'>in</span> <span class='ocrx_word' id='word_1_51' title='bbox 339 1124 387 1190; x_wconf 92' lang='lat' dir='ltr'>his</span> <span class='ocrx_word' id='word_1_52' title='bbox 408 1123 583 1209; x_wconf 84' lang='lat' dir='ltr'>Menippeis</span> <span class='ocrx_word' id='word_1_53' title='bbox 608 1123 787 1188; x_wconf 83' lang='lat' dir='ltr'>excelluisse</span> <span class='ocrx_word' id='word_1_54' title='bbox 810 1121 939 1188; x_wconf 87' lang='lat' dir='ltr'>videtur.</span> <span class='ocrx_word' id='word_1_55' title='bbox 982 1122 1106 1202; x_wconf 85' lang='lat' dir='ltr'>Quanta</span> <span class='ocrx_word' id='word_1_56' title='bbox 1131 1122 1348 1188; x_wconf 85' lang='lat' dir='ltr'>sententiarum</span> <span class='ocrx_word' id='word_1_57' title='bbox 1444 1135 1445 1160; x_wconf 65' lang='lat'>¹</span> 
     </span>
     <span class='ocr_line' id='line_1_10' title="bbox 285 1231 1348 1319; baseline -0.001 -22"><span class='ocrx_word' id='word_1_58' title='bbox 285 1235 316 1297; x_wconf 92' lang='lat' dir='ltr'>in</span> <span class='ocrx_word' id='word_1_59' title='bbox 344 1254 382 1298; x_wconf 93' lang='lat' dir='ltr'>eo</span> <span class='ocrx_word' id='word_1_60' title='bbox 410 1231 550 1301; x_wconf 86' lang='lat' dir='ltr'>ubertas!</span> <span class='ocrx_word' id='word_1_61' title='bbox 582 1253 661 1318; x_wconf 88' lang='lat' dir='ltr'>quae</span> <span class='ocrx_word' id='word_1_62' title='bbox 691 1232 778 1319; x_wconf 93' lang='lat' dir='ltr'>copia</span> <span class='ocrx_word' id='word_1_63' title='bbox 801 1232 953 1298; x_wconf 84' lang='lat' dir='ltr'>dictorum</span> <span class='ocrx_word' id='word_1_64' title='bbox 980 1232 1230 1317; x_wconf 83' lang='lat' dir='ltr'>grauissimorum</span> <span class='ocrx_word' id='word_1_65' title='bbox 1257 1240 1289 1296; x_wconf 88' lang='lat' dir='ltr'>et</span> <span class='ocrx_word' id='word_1_66' title='bbox 1316 1233 1348 1297; x_wconf 88' lang='lat' dir='ltr'>ad</span> 
     </span>
     <span class='ocr_line' id='line_1_11' title="bbox 284 1338 1446 1427; baseline -0.002 -18"><span class='ocrx_word' id='word_1_67' title='bbox 284 1343 377 1410; x_wconf 83' lang='lat' dir='ltr'>vitam</span> <span class='ocrx_word' id='word_1_68' title='bbox 396 1343 639 1419; x_wconf 74' lang='lat' dir='ltr'>uilissimorum,</span> <span class='ocrx_word' id='word_1_69' title='bbox 657 1341 770 1427; x_wconf 90' lang='lat' dir='ltr'>quibus</span> <span class='ocrx_word' id='word_1_70' title='bbox 786 1348 850 1406; x_wconf 87' lang='lat' dir='ltr'>tota</span> <span class='ocrx_word' id='word_1_71' title='bbox 871 1341 969 1406; x_wconf 85' lang='lat' dir='ltr'>oratio</span> <span class='ocrx_word' id='word_1_72' title='bbox 990 1350 1037 1406; x_wconf 90' lang='lat' dir='ltr'>est</span> <span class='ocrx_word' id='word_1_73' title='bbox 1055 1338 1193 1426; x_wconf 82' lang='lat' dir='ltr'>irrigata!</span> <span class='ocrx_word' id='word_1_74' title='bbox 1225 1340 1347 1421; x_wconf 84' lang='lat' dir='ltr'>Quem·</span> <span class='ocrx_word' id='word_1_75' title='bbox 1445 1359 1446 1362; x_wconf 73' lang='grc'>’</span> 
     </span>
     <span class='ocr_line' id='line_1_12' title="bbox 283 1449 1347 1538; baseline -0.002 -20"><span class='ocrx_word' id='word_1_76' title='bbox 283 1453 449 1520; x_wconf 84' lang='lat' dir='ltr'>admodum</span> <span class='ocrx_word' id='word_1_77' title='bbox 472 1453 497 1518; x_wconf 92' lang='lat' dir='ltr'>si</span> <span class='ocrx_word' id='word_1_78' title='bbox 520 1453 552 1517; x_wconf 93' lang='lat' dir='ltr'>in</span> <span class='ocrx_word' id='word_1_79' title='bbox 575 1449 694 1528; x_wconf 86' lang='lat' dir='ltr'>Satura,</span> <span class='ocrx_word' id='word_1_80' title='bbox 716 1471 808 1536; x_wconf 87' lang='lat' dir='ltr'>quam</span> <span class='ocrx_word' id='word_1_81' title='bbox 830 1452 866 1517; x_wconf 82' lang='lat' dir='ltr'>cle</span> <span class='ocrx_word' id='word_1_82' title='bbox 887 1451 993 1538; x_wconf 79' lang='lat' dir='ltr'>Officio</span> <span class='ocrx_word' id='word_1_83' title='bbox 1015 1451 1124 1518; x_wconf 81' lang='lat' dir='ltr'>Mariti</span> <span class='ocrx_word' id='word_1_84' title='bbox 1143 1449 1272 1536; x_wconf 85' lang='lat' dir='ltr'>scripsit,</span> <span class='ocrx_word' id='word_1_85' title='bbox 1295 1453 1347 1516; x_wconf 85' lang='lat' dir='ltr'>ait:</span> 
     </span>
     <span class='ocr_line' id='line_1_13' title="bbox 284 1555 1447 1641; baseline -0.002 -13"><span class='ocrx_word' id='word_1_86' title='bbox 284 1565 420 1641; x_wconf 86' lang='lat' dir='ltr'>„Vitium</span> <span class='ocrx_word' id='word_1_87' title='bbox 443 1561 548 1627; x_wconf 83' lang='lat' dir='ltr'>uxoris</span> <span class='ocrx_word' id='word_1_88' title='bbox 569 1569 623 1625; x_wconf 84' lang='lat' dir='ltr'>aut</span> <span class='ocrx_word' id='word_1_89' title='bbox 643 1559 812 1625; x_wconf 90' lang='lat' dir='ltr'>tollendum</span> <span class='ocrx_word' id='word_1_90' title='bbox 833 1569 887 1625; x_wconf 82' lang='lat' dir='ltr'>aul</span> <span class='ocrx_word' id='word_1_91' title='bbox 911 1559 1071 1625; x_wconf 81' lang='lat' dir='ltr'>ferendum</span> <span class='ocrx_word' id='word_1_92' title='bbox 1098 1567 1152 1624; x_wconf 68' lang='lat' dir='ltr'>est</span> <span class='ocrx_word' id='word_1_93' title='bbox 1196 1559 1259 1639; x_wconf 88' lang='lat' dir='ltr'>Qui</span> <span class='ocrx_word' id='word_1_94' title='bbox 1282 1563 1347 1626; x_wconf 84' lang='lat' dir='ltr'>tol·</span> <span class='ocrx_word' id='word_1_95' title='bbox 1446 1555 1447 1558; x_wconf 46' lang='lat'>&#39;</span> 
     </span>
     <span class='ocr_line' id='line_1_14' title="bbox 284 1669 1347 1758; baseline 0.002 -24"><span class='ocrx_word' id='word_1_96' title='bbox 284 1672 318 1735; x_wconf 88' lang='lat' dir='ltr'>lit</span> <span class='ocrx_word' id='word_1_97' title='bbox 342 1672 467 1747; x_wconf 85' lang='lat' dir='ltr'>vitium,</span> <span class='ocrx_word' id='word_1_98' title='bbox 499 1689 627 1734; x_wconf 83' lang='lat' dir='ltr'>uxorem</span> <span class='ocrx_word' id='word_1_99' title='bbox 654 1669 893 1735; x_wconf 85' lang='lat' dir='ltr'>commodiorem</span> <span class='ocrx_word' id='word_1_100' title='bbox 920 1678 1070 1758; x_wconf 87' lang='lat' dir='ltr'>praestat,</span> <span class='ocrx_word' id='word_1_101' title='bbox 1099 1669 1152 1754; x_wconf 91' lang='lat' dir='ltr'>qui</span> <span class='ocrx_word' id='word_1_102' title='bbox 1179 1669 1252 1749; x_wconf 86' lang='lat' dir='ltr'>sert,</span> <span class='ocrx_word' id='word_1_103' title='bbox 1285 1693 1347 1737; x_wconf 92' lang='lat' dir='ltr'>sese</span> 
     </span>
     <span class='ocr_line' id='line_1_15' title="bbox 284 1777 1448 1864; baseline 0.004 -21"><span class='ocrx_word' id='word_1_104' title='bbox 284 1779 442 1844; x_wconf 90' lang='lat' dir='ltr'>meliorem</span> <span class='ocrx_word' id='word_1_105' title='bbox 462 1777 577 1843; x_wconf 88' lang='lat' dir='ltr'>lacit.“:</span> <span class='ocrx_word' id='word_1_106' title='bbox 598 1778 645 1843; x_wconf 86' lang='lat' dir='ltr'>vel</span> <span class='ocrx_word' id='word_1_107' title='bbox 668 1777 699 1841; x_wconf 95' lang='lat' dir='ltr'>in</span> <span class='ocrx_word' id='word_1_108' title='bbox 714 1787 789 1861; x_wconf 80' lang='grc' dir='ltr'>Ἔχω</span> <span class='ocrx_word' id='word_1_109' title='bbox 805 1796 852 1863; x_wconf 85' lang='grc' dir='ltr'>Σε,</span> <span class='ocrx_word' id='word_1_110' title='bbox 871 1791 934 1864; x_wconf 74' lang='grc' dir='ltr'>περὶ</span> <span class='ocrx_word' id='word_1_111' title='bbox 953 1791 1060 1864; x_wconf 64' lang='lat' dir='ltr'>Tim:</span> <span class='ocrx_word' id='word_1_112' title='bbox 1085 1777 1211 1864; x_wconf 83' lang='lat' dir='ltr'>Sapiens</span> <span class='ocrx_word' id='word_1_113' title='bbox 1233 1788 1265 1844; x_wconf 81' lang='lat' dir='ltr'>et</span> <span class='ocrx_word' id='word_1_114' title='bbox 1286 1782 1347 1846; x_wconf 90' lang='lat' dir='ltr'>bo·</span> <span class='ocrx_word' id='word_1_115' title='bbox 1447 1835 1448 1848; x_wconf 72' lang='grc'>.</span> 
     </span>
     <span class='ocr_line' id='line_1_16' title="bbox 284 1886 1347 1973; baseline 0.004 -20"><span class='ocrx_word' id='word_1_116' title='bbox 284 1908 358 1953; x_wconf 86' lang='grc' dir='ltr'>ιιιιιιι</span> <span class='ocrx_word' id='word_1_117' title='bbox 387 1887 466 1953; x_wconf 88' lang='lat' dir='ltr'>serre</span> <span class='ocrx_word' id='word_1_118' title='bbox 494 1893 597 1973; x_wconf 85' lang='lat' dir='ltr'>potest</span> <span class='ocrx_word' id='word_1_119' title='bbox 623 1886 756 1965; x_wconf 91' lang='lat' dir='ltr'>modice,</span> <span class='ocrx_word' id='word_1_120' title='bbox 788 1896 819 1952; x_wconf 86' lang='lat' dir='ltr'>et</span> <span class='ocrx_word' id='word_1_121' title='bbox 846 1890 960 1954; x_wconf 92' lang='lat' dir='ltr'>malum</span> <span class='ocrx_word' id='word_1_122' title='bbox 985 1887 1104 1953; x_wconf 80' lang='lat' dir='ltr'>fortiter</span> <span class='ocrx_word' id='word_1_123' title='bbox 1132 1895 1184 1953; x_wconf 81' lang='lat' dir='ltr'>eui</span> <span class='ocrx_word' id='word_1_124' title='bbox 1215 1889 1347 1956; x_wconf 81' lang='lat' dir='ltr'>leviter.“</span> 
     </span>
     <span class='ocr_line' id='line_1_17' title="bbox 284 1994 1449 2084; baseline 0.003 -22"><span class='ocrx_word' id='word_1_125' title='bbox 284 1994 385 2076; x_wconf 86' lang='lat' dir='ltr'>Quam</span> <span class='ocrx_word' id='word_1_126' title='bbox 405 1997 559 2084; x_wconf 84' lang='lat' dir='ltr'>praeclare</span> <span class='ocrx_word' id='word_1_127' title='bbox 584 1995 658 2061; x_wconf 92' lang='lat' dir='ltr'>illud</span> <span class='ocrx_word' id='word_1_128' title='bbox 677 1995 708 2060; x_wconf 95' lang='lat' dir='ltr'>in</span> <span class='ocrx_word' id='word_1_129' title='bbox 730 1996 836 2064; x_wconf 81' lang='lat' dir='ltr'>Manio</span> <span class='ocrx_word' id='word_1_130' title='bbox 859 1998 896 2064; x_wconf 91' lang='lat' dir='ltr'>de</span> <span class='ocrx_word' id='word_1_131' title='bbox 919 1998 1010 2064; x_wconf 81' lang='lat' dir='ltr'>sortis</span> <span class='ocrx_word' id='word_1_132' title='bbox 1032 1997 1182 2063; x_wconf 79' lang='lat' dir='ltr'>humanae</span> <span class='ocrx_word' id='word_1_133' title='bbox 1206 2001 1345 2064; x_wconf 90' lang='lat' dir='ltr'>necessi·</span> <span class='ocrx_word' id='word_1_134' title='bbox 1448 2043 1449 2078; x_wconf 61' lang='lat'>;</span> 
     </span>
    </p>
   </div>
   <div class='ocr_carea' id='block_1_5' title="bbox 282 2114 361 2172">
    <p class='ocr_par' dir='ltr' id='par_1_5' title="bbox 282 2114 361 2172">
     <span class='ocr_line' id='line_1_18' title="bbox 282 2114 361 2172; baseline 0 0"><span class='ocrx_word' id='word_1_135' title='bbox 282 2114 361 2172; x_wconf 85' lang='lat' dir='ltr'>tate:</span> 
     </span>
    </p>
   </div>
   <div class='ocr_carea' id='block_1_6' title="bbox 434 2218 1175 2469">
    <p class='ocr_par' dir='ltr' id='par_1_6' title="bbox 434 2218 1175 2469">
     <span class='ocr_line' id='line_1_19' title="bbox 484 2218 1052 2288; baseline 0.002 -18"><span class='ocrx_word' id='word_1_136' title='bbox 484 2222 610 2286; x_wconf 80' lang='lat' dir='ltr'>‚,Neture</span> <span class='ocrx_word' id='word_1_137' title='bbox 626 2218 752 2288; x_wconf 74' lang='lat' dir='ltr'>humenis</span> <span class='ocrx_word' id='word_1_138' title='bbox 771 2221 863 2272; x_wconf 84' lang='lat' dir='ltr'>omniu</span> <span class='ocrx_word' id='word_1_139' title='bbox 882 2221 1052 2284; x_wconf 74' lang='lat' dir='ltr'>circipanis.</span> 
     </span>
     <span class='ocr_line' id='line_1_20' title="bbox 434 2312 1175 2379; baseline 0.001 -17"><span class='ocrx_word' id='word_1_140' title='bbox 434 2312 487 2373; x_wconf 77' lang='lat' dir='ltr'>Qui</span> <span class='ocrx_word' id='word_1_141' title='bbox 504 2315 570 2375; x_wconf 83' lang='lat' dir='ltr'>pote</span> <span class='ocrx_word' id='word_1_142' title='bbox 587 2313 666 2378; x_wconf 86' lang='lat' dir='ltr'>plus,</span> <span class='ocrx_word' id='word_1_143' title='bbox 682 2317 781 2379; x_wconf 81' lang='lat' dir='ltr'>urget:</span> <span class='ocrx_word' id='word_1_144' title='bbox 800 2313 888 2377; x_wconf 85' lang='lat' dir='ltr'>piscis</span> <span class='ocrx_word' id='word_1_145' title='bbox 904 2317 935 2364; x_wconf 82' lang='lat' dir='ltr'>ut</span> <span class='ocrx_word' id='word_1_146' title='bbox 951 2325 1037 2377; x_wconf 84' lang='lat' dir='ltr'>saepe</span> <span class='ocrx_word' id='word_1_147' title='bbox 1055 2313 1175 2364; x_wconf 83' lang='lat' dir='ltr'>minutos</span> 
     </span>
     <span class='ocr_line' id='line_1_21' title="bbox 482 2402 1172 2469; baseline 0.004 -14"><span class='ocrx_word' id='word_1_148' title='bbox 482 2408 597 2469; x_wconf 75' lang='lat' dir='ltr'>Magnu’</span> <span class='ocrx_word' id='word_1_149' title='bbox 613 2410 730 2469; x_wconf 81' lang='lat' dir='ltr'>comest,</span> <span class='ocrx_word' id='word_1_150' title='bbox 749 2409 780 2457; x_wconf 81' lang='lat' dir='ltr'>ui</span> <span class='ocrx_word' id='word_1_151' title='bbox 799 2418 868 2457; x_wconf 83' lang='lat' dir='ltr'>aves</span> <span class='ocrx_word' id='word_1_152' title='bbox 886 2410 987 2457; x_wconf 80' lang='lat' dir='ltr'>enecet</span> <span class='ocrx_word' id='word_1_153' title='bbox 1004 2402 1172 2468; x_wconf 76' lang='lat' dir='ltr'>accipiter.“</span> 
     </span>
    </p>
   </div>
   <div class='ocr_carea' id='block_1_7' title="bbox 282 2494 1345 2581">
    <p class='ocr_par' dir='ltr' id='par_1_7' title="bbox 282 2494 1345 2581">
     <span class='ocr_line' id='line_1_22' title="bbox 282 2494 1345 2581; baseline 0.008 -23"><span class='ocrx_word' id='word_1_154' title='bbox 282 2494 383 2572; x_wconf 86' lang='lat' dir='ltr'>Quam</span> <span class='ocrx_word' id='word_1_155' title='bbox 402 2495 535 2578; x_wconf 76' lang='lat' dir='ltr'>graviter</span> <span class='ocrx_word' id='word_1_156' title='bbox 552 2502 584 2559; x_wconf 89' lang='lat' dir='ltr'>et</span> <span class='ocrx_word' id='word_1_157' title='bbox 603 2496 759 2581; x_wconf 89' lang='lat' dir='ltr'>sapienter</span> <span class='ocrx_word' id='word_1_158' title='bbox 776 2495 809 2560; x_wconf 94' lang='lat' dir='ltr'>in</span> <span class='ocrx_word' id='word_1_159' title='bbox 821 2504 1059 2579; x_wconf 75' lang='grc' dir='ltr'>Ἆνθρωποπόιει,</span> <span class='ocrx_word' id='word_1_160' title='bbox 1080 2508 1142 2577; x_wconf 72' lang='grc' dir='ltr'>περὶ</span> <span class='ocrx_word' id='word_1_161' title='bbox 1162 2510 1345 2579; x_wconf 58' lang='lat' dir='ltr'>seneciacum</span> 
     </span>
    </p>
   </div>
   <div class='ocr_carea' id='block_1_8' title="bbox 281 2603 1155 2781">
    <p class='ocr_par' dir='ltr' id='par_1_8' title="bbox 281 2603 1155 2781">
     <span class='ocr_line' id='line_1_23' title="bbox 281 2603 776 2689; baseline 0.002 -23"><span class='ocrx_word' id='word_1_162' title='bbox 281 2603 355 2669; x_wconf 89' lang='lat' dir='ltr'>illud</span> <span class='ocrx_word' id='word_1_163' title='bbox 378 2604 410 2667; x_wconf 91' lang='lat' dir='ltr'>in</span> <span class='ocrx_word' id='word_1_164' title='bbox 433 2624 541 2669; x_wconf 85' lang='lat' dir='ltr'>avaros</span> <span class='ocrx_word' id='word_1_165' title='bbox 561 2611 776 2689; x_wconf 82' lang='lat' dir='ltr'>praeceptum:</span> 
     </span>
     <span class='ocr_line' id='line_1_24' title="bbox 431 2711 1155 2781; baseline -0.001 -16"><span class='ocrx_word' id='word_1_166' title='bbox 431 2717 513 2780; x_wconf 82' lang='lat' dir='ltr'>„Non</span> <span class='ocrx_word' id='word_1_167' title='bbox 531 2711 564 2764; x_wconf 77' lang='lat' dir='ltr'>fic</span> <span class='ocrx_word' id='word_1_168' title='bbox 581 2714 737 2781; x_wconf 73' lang='grc' dir='ltr'>ιιιοιιιιιιιι,</span> <span class='ocrx_word' id='word_1_169' title='bbox 754 2728 809 2765; x_wconf 88' lang='lat' dir='ltr'>nen</span> <span class='ocrx_word' id='word_1_170' title='bbox 826 2726 897 2765; x_wconf 75' lang='lat' dir='ltr'>auro</span> <span class='ocrx_word' id='word_1_171' title='bbox 914 2718 1005 2779; x_wconf 83' lang='lat' dir='ltr'>peclu’</span> <span class='ocrx_word' id='word_1_172' title='bbox 1024 2716 1155 2779; x_wconf 83' lang='lat' dir='ltr'>solutum,</span> 
     </span>
    </p>
   </div>
   <div class='ocr_carea' id='block_1_9' title="bbox 429 2805 1135 2962">
    <p class='ocr_par' dir='ltr' id='par_1_9' title="bbox 429 2805 1135 2962">
     <span class='ocr_line' id='line_1_25' title="bbox 432 2805 1061 2870; baseline 0.005 -16"><span class='ocrx_word' id='word_1_173' title='bbox 432 2806 495 2854; x_wconf 88' lang='lat' dir='ltr'>Non</span> <span class='ocrx_word' id='word_1_174' title='bbox 513 2806 623 2857; x_wconf 85' lang='lat' dir='ltr'>demunt</span> <span class='ocrx_word' id='word_1_175' title='bbox 637 2805 737 2857; x_wconf 82' lang='lat' dir='ltr'>animis</span> <span class='ocrx_word' id='word_1_176' title='bbox 754 2818 838 2857; x_wconf 81' lang='lat' dir='ltr'>curas</span> <span class='ocrx_word' id='word_1_177' title='bbox 857 2818 890 2855; x_wconf 80' lang='lat' dir='ltr'>ec</span> <span class='ocrx_word' id='word_1_178' title='bbox 906 2806 1061 2870; x_wconf 81' lang='lat' dir='ltr'>religiones</span> 
     </span>
     <span class='ocr_line' id='line_1_26' title="bbox 429 2896 1135 2962; baseline 0.007 -18"><span class='ocrx_word' id='word_1_179' title='bbox 429 2896 579 2945; x_wconf 83' lang='lat' dir='ltr'>Persarum</span> <span class='ocrx_word' id='word_1_180' title='bbox 596 2902 723 2962; x_wconf 70' lang='lat' dir='ltr'>montes,</span> <span class='ocrx_word' id='word_1_181' title='bbox 742 2909 797 2946; x_wconf 90' lang='lat' dir='ltr'>non</span> <span class='ocrx_word' id='word_1_182' title='bbox 818 2896 891 2947; x_wconf 76' lang='lat' dir='ltr'>atriu</span> <span class='ocrx_word' id='word_1_183' title='bbox 909 2898 988 2949; x_wconf 80' lang='lat' dir='ltr'>diviti</span> <span class='ocrx_word' id='word_1_184' title='bbox 1005 2896 1135 2950; x_wconf 79' lang='lat' dir='ltr'>crassi.“</span> 
     </span>
    </p>
   </div>
   <div class='ocr_carea' id='block_1_10' title="bbox 280 2984 667 3052">
    <p class='ocr_par' dir='ltr' id='par_1_10' title="bbox 280 2984 667 3052">
     <span class='ocr_line' id='line_1_27' title="bbox 280 2984 667 3052; baseline 0.013 -5"><span class='ocrx_word' id='word_1_185' title='bbox 280 2986 353 3049; x_wconf 85' lang='lat' dir='ltr'>ilem</span> <span class='ocrx_word' id='word_1_186' title='bbox 377 2985 408 3048; x_wconf 97' lang='lat' dir='ltr'>in</span> <span class='ocrx_word' id='word_1_187' title='bbox 432 2984 667 3052; x_wconf 78' lang='lat' dir='ltr'>Eumenidibus:</span> 
     </span>
    </p>
   </div>
   <div class='ocr_carea' id='block_1_11' title="bbox 426 3098 1253 3438">
    <p class='ocr_par' dir='ltr' id='par_1_11' title="bbox 433 3098 954 3162">
     <span class='ocr_line' id='line_1_28' title="bbox 433 3098 954 3162; baseline 0 -15"><span class='ocrx_word' id='word_1_188' title='bbox 433 3131 451 3160; x_wconf 89' lang='lat'>‚,</span> <span class='ocrx_word' id='word_1_189' title='bbox 452 3121 687 3135; x_wconf 87' lang='lat'>-----</span> <span class='ocrx_word' id='word_1_190' title='bbox 705 3098 830 3162; x_wconf 85' lang='lat' dir='ltr'>Denique</span> <span class='ocrx_word' id='word_1_191' title='bbox 850 3110 954 3149; x_wconf 83' lang='lat' dir='ltr'>avarus</span> 
     </span>
    </p>

    <p class='ocr_par' dir='ltr' id='par_1_12' title="bbox 428 3182 1253 3346">
     <span class='ocr_line' id='line_1_29' title="bbox 430 3182 1253 3253; baseline -0.002 -14"><span class='ocrx_word' id='word_1_192' title='bbox 430 3188 500 3249; x_wconf 75' lang='lat' dir='ltr'>Quis</span> <span class='ocrx_word' id='word_1_193' title='bbox 519 3193 598 3241; x_wconf 79' lang='lat' dir='ltr'>sann’</span> <span class='ocrx_word' id='word_1_194' title='bbox 617 3182 676 3241; x_wconf 74' lang='lat' dir='ltr'>’sti</span> <span class='ocrx_word' id='word_1_195' title='bbox 698 3189 751 3241; x_wconf 79' lang='lat' dir='ltr'>(lui</span> <span class='ocrx_word' id='word_1_196' title='bbox 771 3190 796 3241; x_wconf 90' lang='lat' dir='ltr'>si</span> <span class='ocrx_word' id='word_1_197' title='bbox 815 3194 872 3241; x_wconf 80' lang='lat' dir='ltr'>stet</span> <span class='ocrx_word' id='word_1_198' title='bbox 889 3193 966 3240; x_wconf 79' lang='lat' dir='ltr'>terre</span> <span class='ocrx_word' id='word_1_199' title='bbox 983 3195 1012 3241; x_wconf 80' lang='lat' dir='ltr'>et</span> <span class='ocrx_word' id='word_1_200' title='bbox 1029 3192 1148 3241; x_wconf 79' lang='lat' dir='ltr'>traditus</span> <span class='ocrx_word' id='word_1_201' title='bbox 1168 3190 1253 3253; x_wconf 79' lang='lat' dir='ltr'>erbis,</span> 
     </span>
     <span class='ocr_line' id='line_1_30' title="bbox 428 3282 1143 3346; baseline 0.004 -16"><span class='ocrx_word' id='word_1_202' title='bbox 428 3282 560 3333; x_wconf 76' lang='lat' dir='ltr'>i&#39;urendo</span> <span class='ocrx_word' id='word_1_203' title='bbox 580 3289 670 3333; x_wconf 80' lang='lat' dir='ltr'>temen</span> <span class='ocrx_word' id='word_1_204' title='bbox 691 3296 724 3332; x_wconf 83' lang='lat' dir='ltr'>ac</span> <span class='ocrx_word' id='word_1_205' title='bbox 744 3284 839 3333; x_wconf 82' lang='lat' dir='ltr'>morbo</span> <span class='ocrx_word' id='word_1_206' title='bbox 858 3282 1016 3333; x_wconf 68' lang='lat' dir='ltr'>cumuletur</span> <span class='ocrx_word' id='word_1_207' title='bbox 1036 3284 1143 3346; x_wconf 87' lang='lat' dir='ltr'>eodem,</span> 
     </span>
    </p>

    <p class='ocr_par' dir='ltr' id='par_1_13' title="bbox 426 3370 1242 3438">
     <span class='ocr_line' id='line_1_31' title="bbox 426 3370 1242 3438; baseline 0.009 -16"><span class='ocrx_word' id='word_1_208' title='bbox 426 3374 469 3421; x_wconf 80' lang='lat' dir='ltr'>Ex</span> <span class='ocrx_word' id='word_1_209' title='bbox 487 3386 553 3424; x_wconf 86' lang='lat' dir='ltr'>sese</span> <span class='ocrx_word' id='word_1_210' title='bbox 571 3375 632 3437; x_wconf 82' lang='lat' dir='ltr'>ipse</span> <span class='ocrx_word' id='word_1_211' title='bbox 647 3373 753 3435; x_wconf 79' lang='lat' dir='ltr'>aliquid</span> <span class='ocrx_word' id='word_1_212' title='bbox 768 3378 885 3437; x_wconf 80' lang='lat' dir='ltr'>quruerut</span> <span class='ocrx_word' id='word_1_213' title='bbox 900 3376 1041 3438; x_wconf 80' lang='lat' dir='ltr'>cogatque</span> <span class='ocrx_word' id='word_1_214' title='bbox 1057 3370 1180 3436; x_wconf 86' lang='lat' dir='ltr'>peculi.“</span> <span class='ocrx_word' id='word_1_215' title='bbox 1197 3371 1242 3429; x_wconf 79' lang='grc' dir='ltr'>Η)</span> 
     </span>
    </p>
   </div>
   <div class='ocr_carea' id='block_1_12' title="bbox 271 3552 1343 4126">
    <p class='ocr_par' dir='ltr' id='par_1_14' title="bbox 271 3552 1343 4126">
     <span class='ocr_line' id='line_1_32' title="bbox 348 3552 1340 3623; baseline -0.001 -20"><span class='ocrx_word' id='word_1_216' title='bbox 348 3556 391 3611; x_wconf 81' lang='grc' dir='ltr'>Η)</span> <span class='ocrx_word' id='word_1_217' title='bbox 409 3554 474 3603; x_wconf 81' lang='lat' dir='ltr'>Alia</span> <span class='ocrx_word' id='word_1_218' title='bbox 490 3554 660 3604; x_wconf 71' lang='lat' dir='ltr'>sententiosl</span> <span class='ocrx_word' id='word_1_219' title='bbox 678 3556 737 3607; x_wconf 84' lang='lat' dir='ltr'>stili</span> <span class='ocrx_word' id='word_1_220' title='bbox 750 3560 888 3610; x_wconf 82' lang='lat' dir='ltr'>Varronis</span> <span class='ocrx_word' id='word_1_221' title='bbox 907 3561 1034 3623; x_wconf 77' lang='lat' dir='ltr'>exempla</span> <span class='ocrx_word' id='word_1_222' title='bbox 1050 3560 1135 3609; x_wconf 79' lang='lat' dir='ltr'>habes</span> <span class='ocrx_word' id='word_1_223' title='bbox 1152 3556 1182 3605; x_wconf 88' lang='lat' dir='ltr'>iu</span> <span class='ocrx_word' id='word_1_224' title='bbox 1193 3552 1340 3619; x_wconf 77' lang='lat' dir='ltr'>Aberiyin.</span> 
     </span>
     <span class='ocr_line' id='line_1_33' title="bbox 274 3625 1342 3708; baseline 0.005 -26"><span class='ocrx_word' id='word_1_225' title='bbox 274 3649 303 3685; x_wconf 82' lang='grc' dir='ltr'>ιι.</span> <span class='ocrx_word' id='word_1_226' title='bbox 320 3625 489 3699; x_wconf 59' lang='lat' dir='ltr'>lle-&amp;poium</span> <span class='ocrx_word' id='word_1_227' title='bbox 505 3632 616 3694; x_wconf 76' lang='grc' dir='ltr'><strong><em>Χύσεως</em></strong></span> <span class='ocrx_word' id='word_1_228' title='bbox 632 3638 666 3688; x_wconf 87' lang='grc' dir='ltr'>ιι.</span> <span class='ocrx_word' id='word_1_229' title='bbox 681 3641 706 3689; x_wconf 74' lang='grc'>8.</span> <span class='ocrx_word' id='word_1_230' title='bbox 718 3632 822 3705; x_wconf 76' lang='grc' dir='ltr'>Ἀμμον</span> <span class='ocrx_word' id='word_1_231' title='bbox 841 3642 977 3708; x_wconf 61' lang='lat' dir='ltr'>Macelo,</span> <span class='ocrx_word' id='word_1_232' title='bbox 995 3658 1026 3692; x_wconf 83' lang='grc' dir='ltr'>π.</span> <span class='ocrx_word' id='word_1_233' title='bbox 1044 3641 1161 3705; x_wconf 72' lang='grc' dir='ltr'>Φιλαργ.</span> <span class='ocrx_word' id='word_1_234' title='bbox 1185 3639 1221 3687; x_wconf 98' lang='grc' dir='ltr'>ιι.</span> <span class='ocrx_word' id='word_1_235' title='bbox 1241 3638 1267 3687; x_wconf 75' lang='lat'>8.</span> <span class='ocrx_word' id='word_1_236' title='bbox 1279 3636 1342 3696; x_wconf 20' lang='lat' dir='ltr'>‘Ga-</span> 
     </span>
     <span class='ocr_line' id='line_1_34' title="bbox 271 3712 1340 3791; baseline 0.002 -23"><span class='ocrx_word' id='word_1_237' title='bbox 271 3719 349 3781; x_wconf 79' lang='lat' dir='ltr'>prin.</span> <span class='ocrx_word' id='word_1_238' title='bbox 365 3719 475 3785; x_wconf 67' lang='lat' dir='ltr'>Proel,</span> <span class='ocrx_word' id='word_1_239' title='bbox 496 3735 525 3772; x_wconf 82' lang='grc' dir='ltr'>π.</span> <span class='ocrx_word' id='word_1_240' title='bbox 537 3712 657 3785; x_wconf 73' lang='grc' dir='ltr'><strong><em>Ἡδονῆς</em></strong></span> <span class='ocrx_word' id='word_1_241' title='bbox 676 3724 709 3773; x_wconf 91' lang='grc' dir='ltr'>ιι.</span> <span class='ocrx_word' id='word_1_242' title='bbox 727 3725 754 3774; x_wconf 77' lang='lat'>2.</span> <span class='ocrx_word' id='word_1_243' title='bbox 775 3725 947 3791; x_wconf 71' lang='lat' dir='ltr'>Endymion.</span> <span class='ocrx_word' id='word_1_244' title='bbox 965 3726 1001 3777; x_wconf 89' lang='grc' dir='ltr'>ιι.</span> <span class='ocrx_word' id='word_1_245' title='bbox 1018 3727 1044 3777; x_wconf 79' lang='grc'>6.</span> <span class='ocrx_word' id='word_1_246' title='bbox 1063 3724 1217 3775; x_wconf 77' lang='grc' dir='ltr'>Ειιιιιειιιιι.</span> <span class='ocrx_word' id='word_1_247' title='bbox 1236 3722 1272 3773; x_wconf 89' lang='grc' dir='ltr'>ιι.</span> <span class='ocrx_word' id='word_1_248' title='bbox 1284 3720 1340 3771; x_wconf 67' lang='lat' dir='ltr'>ie:</span> 
     </span>
     <span class='ocr_line' id='line_1_35' title="bbox 272 3803 1340 3874; baseline 0.001 -23"><span class='ocrx_word' id='word_1_249' title='bbox 272 3803 403 3868; x_wconf 76' lang='lat' dir='ltr'>„Patella</span> <span class='ocrx_word' id='word_1_250' title='bbox 425 3804 561 3854; x_wconf 75' lang='lat' dir='ltr'>esurienti</span> <span class='ocrx_word' id='word_1_251' title='bbox 583 3806 676 3867; x_wconf 81' lang='lat' dir='ltr'>pesile</span> <span class='ocrx_word' id='word_1_252' title='bbox 699 3813 840 3871; x_wconf 77' lang='lat' dir='ltr'>provocat</span> <span class='ocrx_word' id='word_1_253' title='bbox 855 3811 1056 3874; x_wconf 77' lang='lat' dir='ltr'>Neapolitanas</span> <span class='ocrx_word' id='word_1_254' title='bbox 1078 3805 1237 3869; x_wconf 81' lang='lat' dir='ltr'>piscinas.“</span> <span class='ocrx_word' id='word_1_255' title='bbox 1273 3805 1340 3870; x_wconf 73' lang='lat' dir='ltr'>Lep.</span> 
     </span>
     <span class='ocr_line' id='line_1_36' title="bbox 273 3886 1341 3958; baseline -0.001 -21"><span class='ocrx_word' id='word_1_256' title='bbox 273 3886 393 3939; x_wconf 76' lang='lat' dir='ltr'>Maenia</span> <span class='ocrx_word' id='word_1_257' title='bbox 409 3889 443 3938; x_wconf 95' lang='grc' dir='ltr'>ιι.</span> <span class='ocrx_word' id='word_1_258' title='bbox 460 3888 485 3938; x_wconf 80' lang='lat'>⁷.</span> <span class='ocrx_word' id='word_1_259' title='bbox 501 3892 530 3937; x_wconf 80' lang='lat' dir='ltr'>et</span> <span class='ocrx_word' id='word_1_260' title='bbox 547 3888 582 3938; x_wconf 89' lang='grc' dir='ltr'>ιι.</span> <span class='ocrx_word' id='word_1_261' title='bbox 599 3890 640 3938; x_wconf 83' lang='lat'>8.:</span> <span class='ocrx_word' id='word_1_262' title='bbox 659 3893 777 3956; x_wconf 71' lang='lat' dir='ltr'>„neom</span> <span class='ocrx_word' id='word_1_263' title='bbox 797 3893 825 3942; x_wconf 91' lang='lat' dir='ltr'>in</span> <span class='ocrx_word' id='word_1_264' title='bbox 843 3894 916 3945; x_wconf 81' lang='lat' dir='ltr'>bona</span> <span class='ocrx_word' id='word_1_265' title='bbox 932 3897 1032 3958; x_wconf 81' lang='lat' dir='ltr'>segete</span> <span class='ocrx_word' id='word_1_266' title='bbox 1051 3892 1157 3943; x_wconf 87' lang='lat' dir='ltr'>nullum</span> <span class='ocrx_word' id='word_1_267' title='bbox 1174 3894 1220 3941; x_wconf 80' lang='lat' dir='ltr'>eat</span> <span class='ocrx_word' id='word_1_268' title='bbox 1235 3888 1341 3951; x_wconf 72' lang='lat' dir='ltr'>spicu-</span> 
     </span>
     <span class='ocr_line' id='line_1_37' title="bbox 272 3972 1343 4039; baseline 0 -18"><span class='ocrx_word' id='word_1_269' title='bbox 272 3985 404 4039; x_wconf 76' lang='lat' dir='ltr'>nequam,</span> <span class='ocrx_word' id='word_1_270' title='bbox 420 3985 511 4036; x_wconf 77' lang='lat' dir='ltr'>nequae</span> <span class='ocrx_word' id='word_1_271' title='bbox 531 3973 559 4022; x_wconf 89' lang='lat' dir='ltr'>in</span> <span class='ocrx_word' id='word_1_272' title='bbox 579 3975 652 4023; x_wconf 78' lang='lat' dir='ltr'>male</span> <span class='ocrx_word' id='word_1_273' title='bbox 671 3988 727 4025; x_wconf 87' lang='lat' dir='ltr'>nou</span> <span class='ocrx_word' id='word_1_274' title='bbox 744 3976 856 4039; x_wconf 78' lang='lat' dir='ltr'>aliquod</span> <span class='ocrx_word' id='word_1_275' title='bbox 874 3975 1005 4028; x_wconf 82' lang='lat' dir='ltr'>nonum.“</span> <span class='ocrx_word' id='word_1_276' title='bbox 1041 3976 1122 4027; x_wconf 77' lang='lat' dir='ltr'>Men.</span> <span class='ocrx_word' id='word_1_277' title='bbox 1138 3975 1173 4026; x_wconf 88' lang='grc' dir='ltr'>ιι.</span> <span class='ocrx_word' id='word_1_278' title='bbox 1193 3974 1235 4024; x_wconf 78' lang='grc' dir='ltr'>ιι.</span> <span class='ocrx_word' id='word_1_279' title='bbox 1259 3972 1343 4035; x_wconf 80' lang='grc' dir='ltr'><strong><em>Μαρ-</em></strong></span> 
     </span>
     <span class='ocr_line' id='line_1_38' title="bbox 273 4048 1342 4126; baseline 0.002 -21"><span class='ocrx_word' id='word_1_280' title='bbox 273 4050 381 4120; x_wconf 81' lang='grc' dir='ltr'>κιιιιόι.,</span> <span class='ocrx_word' id='word_1_281' title='bbox 401 4072 430 4109; x_wconf 78' lang='grc' dir='ltr'>π.</span> <span class='ocrx_word' id='word_1_282' title='bbox 447 4048 540 4122; x_wconf 74' lang='grc' dir='ltr'><strong><em>Ἀρχῆς</em></strong></span> <span class='ocrx_word' id='word_1_283' title='bbox 557 4058 591 4107; x_wconf 89' lang='grc' dir='ltr'>ιι.</span> <span class='ocrx_word' id='word_1_284' title='bbox 608 4060 633 4107; x_wconf 80' lang='lat'>³.</span> <span class='ocrx_word' id='word_1_285' title='bbox 657 4059 736 4111; x_wconf 77' lang='lat' dir='ltr'>Mea.</span> <span class='ocrx_word' id='word_1_286' title='bbox 753 4063 787 4111; x_wconf 87' lang='grc' dir='ltr'>ιι.</span> <span class='ocrx_word' id='word_1_287' title='bbox 802 4062 842 4110; x_wconf 81' lang='grc'>4.;</span> <span class='ocrx_word' id='word_1_288' title='bbox 860 4063 942 4126; x_wconf 83' lang='lat' dir='ltr'>„Non</span> <span class='ocrx_word' id='word_1_289' title='bbox 962 4074 1013 4112; x_wconf 82' lang='lat' dir='ltr'>eoa</span> <span class='ocrx_word' id='word_1_290' title='bbox 1031 4064 1141 4124; x_wconf 82' lang='lat' dir='ltr'>optume</span> <span class='ocrx_word' id='word_1_291' title='bbox 1159 4057 1279 4122; x_wconf 83' lang='lat' dir='ltr'>vixisse,</span> <span class='ocrx_word' id='word_1_292' title='bbox 1296 4056 1342 4118; x_wconf 80' lang='lat' dir='ltr'>qui</span> 
     </span>
    </p>
   </div>
   <div class='ocr_carea' id='block_1_13' title="bbox 0 0 1472 4750">
    <p class='ocr_par' dir='ltr' id='par_1_15' title="bbox 0 0 1472 4750">
     <span class='ocr_line' id='line_1_39' title="bbox 0 0 1472 4750; baseline 0 2"><span class='ocrx_word' id='word_1_293' title='bbox 0 0 1472 4750; x_wconf 95' lang='lat' dir='ltr'> </span> 
     </span>
    </p>
   </div>
  </div>
 </body>
</html>
