2934 4750
278 341 317 386 BE
339 341 466 385 mulum
490 341 605 397 uulnus
627 340 777 387 ΙΔῊῘΙΔΙ
798 340 1041 386 seruandum.
1151 323 1195 388 ω

130 507 261 584 Moerim
287 507 445 593 Μεὶοαρνί,
470 508 607 584 Medeia,
633 499 1194 595 upsrma,mmew,1³rmtm

128 615 223 693 deber,
244 615 464 704 Quinquatria,
495 615 616 703 Virqnlo
636 616 768 697 Decipe,
789 616 929 695 Emona,
949 636 1004 683 ees
1024 614 1194 684 dsiccar

128 723 217 790 brisso
234 723 437 804 affirmamus,
457 745 563 804 nemo,
584 723 710 811 opinor,
732 724 930 813 repugnabit,
948 725 1003 813 qui
1022 723 1194 812 iragmema

126 833 363 919 perlustraverit,
385 834 565 920 intorques
584 833 764 921 frequenter
777 854 885 902 rersns
902 841 1062 902 ocmruut.
1103 836 1190 903 Ver·

126 963 173 1008 sus
198 941 283 1009 enim
310 943 431 1010 solutae
454 943 588 1011 orationi
612 943 816 1029 interspersos
837 942 1042 1012 certissimum
1064 965 1104 1012 ex
1127 965 1192 1032 quo

124 1050 251 1118 Saturae
276 1059 481 1139 agnoscantur
509 1051 658 1119 indicium
687 1071 769 1130 esse,
792 1071 887 1139 supra
913 1060 962 1119 est
979 1052 1192 1140 significatum

124 1197 162 1208 -
185 1163 381 1250 Toouqas'lem
402 1161 526 1240 librum,
547 1161 634 1248 cnjus
653 1181 753 1228 unum
771 1167 895 1228 tantum
914 1161 1008 1248 idque
1024 1163 1192 1248 perminu-

123 1278 186 1336 tum
208 1270 414 1358 fragmentum
431 1271 514 1358 apud
529 1270 666 1339 Nonium
688 1275 846 1336 serramm
865 1278 975 1348 exstat,
993 1276 1102 1336 utrum
1122 1271 1193 1337 Lo-

121 1379 286 1464 gistoricis,
316 1401 356 1448 an
378 1379 497 1447 Saturis
516 1379 728 1445 addiceremus
748 1377 970 1465 aliquantisper
997 1377 1084 1446 dubii
1110 1379 1193 1446 lme-

120 1489 297 1556 sitabamus.
344 1494 388 1555 At
415 1496 520 1554 tamen
547 1487 673 1554 tandem
696 1509 761 1554 non
784 1485 944 1574 potuimus
969 1488 1084 1567 lacere,
1116 1488 1194 1575 quin

120 1599 223 1665 locum
244 1597 424 1662 interritos
444 1596 603 1675 Messalas,
621 1596 763 1676 Scauros,
782 1595 972 1676 Tuberones,
990 1596 1112 1664 Atticos
1130 1618 1193 1664 oc-

117 1725 235 1793 cupare
253 1705 374 1771 mulieri
391 1705 531 1792 quamvis
543 1705 799 1791 prudentissimae
815 1704 1048 1790 denegaremus,
1062 1713 1095 1772 et
1112 1707 1191 1793 qui-

117 1817 191 1882 dem
212 1814 291 1879 hane
310 1813 504 1901 potissimum
521 1815 562 1879 ob
580 1836 712 1894 causam,
725 1813 810 1901 quod
827 1814 1001 1902 Termetis
1019 1815 1091 1882 libri
1106 1816 1190 1882 sim-

118 1925 190 2011 plex
208 1930 256 1990 est
274 1923 447 2010 inscriptio,
465 1945 561 2010 quum
581 1924 843 2012 Logistoricorum
865 1923 1026 2005 libromrn,
1048 1931 1086 1991 ut
1102 1924 1190 1993 ridi-

118 2055 198 2111 mus,
216 2032 354 2100 omnium
373 2032 510 2121 duplices
527 2041 623 2100 erant.
664 2035 762 2100 Binos
777 2041 884 2101 autem
900 2034 1008 2101 titulos
1028 2035 1095 2122 ejus
1114 2035 1189 2102 olim

118 2144 213 2211 luisse
235 2142 428 2228 alterumque
456 2163 512 2228 per
539 2143 740 2210 Grammatici
763 2144 918 2210 laudantis
949 2143 1100 2210 incuriam
1131 2144 1189 2208 in-

117 2251 251 2330 teriisse,
270 2260 435 2337 pmptcrea
455 2273 520 2318 non
536 2250 711 2319 verisimilis
735 2251 913 2338 conjectura
935 2259 993 2330 est,
1011 2250 1098 2336 quod
1115 2251 1190 2318 No-

117 2360 205 2428 nium
228 2359 261 2425 in
281 2359 542 2444 Logistoricorum
561 2365 594 2425 et
614 2357 797 2426 Saturarum
815 2358 917 2425 titulis
934 2358 1027 2446 plene
1045 2356 1190 2425 releren-

114 2472 162 2538 dis
179 2468 320 2535 omnium
330 2467 609 2537 Grammaticorum
624 2467 716 2551 longe
735 2466 1004 2551 diligentissimum
1020 2487 1089 2533 esse
1106 2488 1190 2535 oon·-

115 2587 178 2647 stat
203 2584 266 2657 ll).
288 2613 331 2625 -
356 2577 427 2642 lam
450 2576 505 2663 qui
528 2574 640 2663 reliqui
660 2582 735 2641 suut
760 2574 831 2641 libri
851 2574 935 2661 Apim
952 2574 1189 2656 Semitas,

114 2692 281 2756 Annam
297 2686 463 2764 Iudicium,
481 2685 588 2771 rayca,
607 2684 751 2751 Herodes
762 2684 944 2764 Soerotr’ew,
960 2685 1107 2772 ὤμω
1120 2688 1189 2753 Tc-

114 2800 243 2875 tecm,
270 2794 410 2873 Marta,
437 2794 621 2885 Mqathoqi,
651 2814 762 2861 corum
782 2792 855 2881 jura
872 2814 946 2887 ‚quo
966 2794 1088 2861 fortiter
1107 2798 1188 2863 tueri

115 2906 280 2995 possimus,
303 2924 366 2969 non
388 2901 546 2970 babemus.
589 2909 757 2970 Attamen
779 2924 878 2991 qmun
897 2902 1057 2971 rideamus
1075 2904 1187 2972 borum

113 3016 330 3103 inscriptiones
356 3033 375 3078 a
399 3012 579 3081 Saturarum
604 3012 841 3100 inscriptionum
866 3012 965 3079 laceto
993 3020 1026 3079 et
1053 3014 1187 3100 eleganti

115 3125 218 3191 colore
235 3122 363 3190 minime
381 3121 547 3188 abhorrere
564 3122 704 3209 quinimo
720 3122 891 3189 simillimas
910 3123 949 3188 iis
965 3142 1043 3199 esse,
1063 3144 1186 3208 quum-

114 3254 176 3321 que
200 3254 264 3299 non
289 3230 373 3297 aliud
398 3231 439 3296 sit
465 3251 564 3315 genus
589 3229 774 3314 scriptorum
799 3229 962 3306 Varronis,
989 3229 1040 3294 cui
1065 3231 1187 3313 potiore

116 3344 180 3427 jure
209 3337 375 3427 adiudicari
397 3338 530 3422 possint,
559 3336 585 3399 si
613 3335 706 3420 igitur
728 3334 821 3399 etiam
843 3335 912 3400 illos
939 3335 1066 3401 Saturus
1091 3334 1185 3401 luisse

184 3608 231 3670 ¹⁶)
249 3608 340 3659 btulta
355 3610 476 3671 possunt
492 3604 558 3672 ejus
573 3604 735 3669 diligentiae
752 3604 913 3659 testlnonla
926 3604 1031 3659 atlerrl.
1064 3609 1184 3662 saturae

120 3694 345 3759 resurrection,
364 3685 444 3757 rapt
465 3687 658 3756 Θιαθηκοῖι
675 3690 784 3743 Gellius
802 3690 924 3754 priorem
940 3693 1059 3755 unm,
1075 3694 1184 3747 Nouius

116 3784 262 3841 utramque
280 3776 492 3840 inscriptionem
508 3776 619 3839 landatr
640 3774 706 3829 ltem
730 3786 801 3838 quas
819 3776 928 3827 flelltas
946 3779 977 3826 et
989 3775 1097 3828 Pllnlus
1117 3776 1184 3829 slm-

117 3863 231 3926 pllclter
245 3856 478 3925 Σκιαμαχίαν,
497 3852 540 3909 Td
557 3848 629 3909 ’Ercl
647 3854 695 3924 Τῆ
714 3856 809 3926 Φακῇ
827 3853 967 3925 Μόρον,
984 3859 1183 3913 mecum

116 3946 216 4011 altene,
234 3944 342 3997 Nenlns
359 3945 441 4006 plene
459 3940 541 3995 ellart
559 3939 794 4008 Σκιαμαχίαν,
811 3939 891 4008 nrpl
911 3937 1094 4008 Tricomia
1111 3933 1184 3993 ’nat

118 4028 164 4097 Τῇ
193 4024 285 4095 Φακῇ
313 4022 454 4091 Miser,
492 4022 570 4089 περὶ
599 4020 823 4090 Ἐνετηρίας,
858 4026 1071 4090 maculam,
1106 4020 1182 4087 περὶ

114 4106 312 4176 Ἐπαρχιῶν.
646 4150 648 4154 ,
