<?xml version="1.0" encoding="UTF-8"?>
<!DOCTYPE html PUBLIC "-//W3C//DTD XHTML 1.0 Transitional//EN"
    "http://www.w3.org/TR/xhtml1/DTD/xhtml1-transitional.dtd">
<html xmlns="http://www.w3.org/1999/xhtml" xml:lang="en" lang="en">
 <head>
  <title>
</title>
<meta http-equiv="Content-Type" content="text/html;charset=utf-8" />
  <meta name='ocr-system' content='tesseract 3.04.00' />
  <meta name='ocr-capabilities' content='ocr_page ocr_carea ocr_par ocr_line ocrx_word'/>
</head>
<body>
  <div class='ocr_page' id='page_1' title='image "./mterentiusvarro00oehlgoog/mterentiusvarro00oehlgoog_0025.png"; bbox 0 0 2934 4750; ppageno 0'>
   <div class='ocr_carea' id='block_1_1' title="bbox 359 305 1206 372">
    <p class='ocr_par' dir='ltr' id='par_1_1' title="bbox 359 305 1206 372">
     <span class='ocr_line' id='line_1_1' title="bbox 359 305 1206 372; baseline -0.005 -2"><span class='ocrx_word' id='word_1_1' title='bbox 359 330 393 370; x_wconf 88' lang='lat' dir='ltr'><strong>rr.</strong></span> <span class='ocrx_word' id='word_1_2' title='bbox 416 328 446 370; x_wconf 83' lang='lat' dir='ltr'><strong>r.</strong></span> <span class='ocrx_word' id='word_1_3' title='bbox 468 325 627 372; x_wconf 81' lang='lat' dir='ltr'><strong>vsnroars</strong></span> <span class='ocrx_word' id='word_1_4' title='bbox 646 324 781 371; x_wconf 79' lang='lat' dir='ltr'><strong>aarum</strong></span> <span class='ocrx_word' id='word_1_5' title='bbox 804 326 981 371; x_wconf 73' lang='lat' dir='ltr'><strong>uasmrsrs.</strong></span> <span class='ocrx_word' id='word_1_6' title='bbox 1165 305 1206 367; x_wconf 81' lang='lat' dir='ltr'><strong>la</strong></span> 
     </span>
    </p>
   </div>
   <div class='ocr_carea' id='block_1_2' title="bbox 133 487 1207 2109">
    <p class='ocr_par' dir='ltr' id='par_1_2' title="bbox 133 487 1207 2109">
     <span class='ocr_line' id='line_1_2' title="bbox 218 487 1205 580; baseline -0.006 -18"><span class='ocrx_word' id='word_1_7' title='bbox 218 493 420 572; x_wconf 82' lang='lat' dir='ltr'><strong>Notissimus,</strong></span> <span class='ocrx_word' id='word_1_8' title='bbox 430 502 580 580; x_wconf 80' lang='lat' dir='ltr'><strong>quantum</strong></span> <span class='ocrx_word' id='word_1_9' title='bbox 593 515 650 580; x_wconf 79' lang='lat' dir='ltr'><strong>ego</strong></span> <span class='ocrx_word' id='word_1_10' title='bbox 663 494 767 573; x_wconf 86' lang='lat' dir='ltr'><strong>sciam,</strong></span> <span class='ocrx_word' id='word_1_11' title='bbox 777 493 958 560; x_wconf 84' lang='lat' dir='ltr'><strong>Setrrmrum</strong></span> <span class='ocrx_word' id='word_1_12' title='bbox 967 487 1117 556; x_wconf 77' lang='lat' dir='ltr'>Varronis</span> <span class='ocrx_word' id='word_1_13' title='bbox 1130 511 1205 556; x_wconf 92' lang='lat' dir='ltr'><strong>me-</strong></span> 
     </span>
     <span class='ocr_line' id='line_1_3' title="bbox 134 600 1206 689; baseline -0.006 -18"><span class='ocrx_word' id='word_1_14' title='bbox 134 603 225 671; x_wconf 91' lang='lat' dir='ltr'><strong>minit</strong></span> <span class='ocrx_word' id='word_1_15' title='bbox 245 604 404 670; x_wconf 84' lang='lat' dir='ltr'><strong>lohannes</strong></span> <span class='ocrx_word' id='word_1_16' title='bbox 425 603 675 683; x_wconf 69' lang='lat' dir='ltr'><strong>suessonensis,</strong></span> <span class='ocrx_word' id='word_1_17' title='bbox 705 604 780 671; x_wconf 90' lang='lat' dir='ltr'><strong>olim</strong></span> <span class='ocrx_word' id='word_1_18' title='bbox 800 603 974 689; x_wconf 83' lang='lat' dir='ltr'><strong>Episcopus</strong></span> <span class='ocrx_word' id='word_1_19' title='bbox 996 600 1206 678; x_wconf 84' lang='lat' dir='ltr'><strong>Camotensis,</strong></span> 
     </span>
     <span class='ocr_line' id='line_1_4' title="bbox 134 707 1205 799; baseline -0.006 -21"><span class='ocrx_word' id='word_1_20' title='bbox 134 715 166 778; x_wconf 91' lang='lat' dir='ltr'><strong>in</strong></span> <span class='ocrx_word' id='word_1_21' title='bbox 187 713 369 779; x_wconf 85' lang='lat' dir='ltr'><strong>Policretico</strong></span> <span class='ocrx_word' id='word_1_22' title='bbox 392 713 456 779; x_wconf 88' lang='lat' dir='ltr'><strong>sive</strong></span> <span class='ocrx_word' id='word_1_23' title='bbox 477 713 516 778; x_wconf 92' lang='lat' dir='ltr'><strong>de</strong></span> <span class='ocrx_word' id='word_1_24' title='bbox 539 713 638 799; x_wconf 78' lang='lat' dir='ltr'><strong>Nugis</strong></span> <span class='ocrx_word' id='word_1_25' title='bbox 666 713 837 781; x_wconf 90' lang='lat' dir='ltr'><strong>Curialium</strong></span> <span class='ocrx_word' id='word_1_26' title='bbox 861 712 912 778; x_wconf 82' lang='lat' dir='ltr'><strong>liis.</strong></span> <span class='ocrx_word' id='word_1_27' title='bbox 933 713 984 788; x_wconf 82' lang='lat' dir='ltr'><strong>Vl,</strong></span> <span class='ocrx_word' id='word_1_28' title='bbox 1006 731 1071 797; x_wconf 87' lang='lat' dir='ltr'><strong>cap.</strong></span> <span class='ocrx_word' id='word_1_29' title='bbox 1086 707 1131 776; x_wconf 69' lang='lat'><strong>26</strong></span> <span class='ocrx_word' id='word_1_30' title='bbox 1149 708 1205 774; x_wconf 77' lang='lat' dir='ltr'><strong>ulti</strong></span> 
     </span>
     <span class='ocr_line' id='line_1_5' title="bbox 134 817 1205 909; baseline -0.004 -22"><span class='ocrx_word' id='word_1_31' title='bbox 134 822 223 888; x_wconf 88' lang='lat' dir='ltr'><strong>dicit:</strong></span> <span class='ocrx_word' id='word_1_32' title='bbox 252 821 371 900; x_wconf 86' lang='lat' dir='ltr'><strong>„Varro</strong></span> <span class='ocrx_word' id='word_1_33' title='bbox 400 821 432 886; x_wconf 93' lang='lat' dir='ltr'><strong>in</strong></span> <span class='ocrx_word' id='word_1_34' title='bbox 462 821 586 908; x_wconf 80' lang='lat' dir='ltr'><strong>Satyra,</strong></span> <span class='ocrx_word' id='word_1_35' title='bbox 613 843 693 908; x_wconf 90' lang='lat' dir='ltr'><strong>quae</strong></span> <span class='ocrx_word' id='word_1_36' title='bbox 718 822 885 909; x_wconf 85' lang='lat' dir='ltr'><strong>Menippen</strong></span> <span class='ocrx_word' id='word_1_37' title='bbox 910 819 1089 887; x_wconf 71' lang='lat' dir='ltr'><strong>inscribitur</strong></span> <span class='ocrx_word' id='word_1_38' title='bbox 1115 817 1205 898; x_wconf 86' lang='lat' dir='ltr'><strong>(sici)</strong></span> 
     </span>
     <span class='ocr_line' id='line_1_6' title="bbox 134 929 1203 1019; baseline -0.002 -23"><span class='ocrx_word' id='word_1_39' title='bbox 134 938 167 996; x_wconf 90' lang='lat' dir='ltr'><strong>et</strong></span> <span class='ocrx_word' id='word_1_40' title='bbox 192 932 240 996; x_wconf 89' lang='lat' dir='ltr'><strong>De</strong></span> <span class='ocrx_word' id='word_1_41' title='bbox 268 931 374 1019; x_wconf 77' lang='lat' dir='ltr'><strong>Officio</strong></span> <span class='ocrx_word' id='word_1_42' title='bbox 401 930 593 998; x_wconf 73' lang='lat' dir='ltr'><strong>Mommouii</strong></span> <span class='ocrx_word' id='word_1_43' title='bbox 618 929 705 1011; x_wconf 91' lang='lat' dir='ltr'><strong>(sicl)</strong></span> <span class='ocrx_word' id='word_1_44' title='bbox 733 932 872 997; x_wconf 82' lang='lat' dir='ltr'><strong>instituta</strong></span> <span class='ocrx_word' id='word_1_45' title='bbox 901 939 962 1008; x_wconf 86' lang='lat' dir='ltr'><strong>est,</strong></span> <span class='ocrx_word' id='word_1_46' title='bbox 995 931 1052 996; x_wconf 83' lang='lat' dir='ltr'><strong>nit:</strong></span> <span class='ocrx_word' id='word_1_47' title='bbox 1085 929 1203 995; x_wconf 87' lang='lat' dir='ltr'><strong>Vitium</strong></span> 
     </span>
     <span class='ocr_line' id='line_1_7' title="bbox 133 1039 1204 1120; baseline -0.002 -14"><span class='ocrx_word' id='word_1_48' title='bbox 133 1041 241 1107; x_wconf 84' lang='lat' dir='ltr'><strong>uxoris</strong></span> <span class='ocrx_word' id='word_1_49' title='bbox 261 1049 315 1106; x_wconf 83' lang='lat' dir='ltr'><strong>eut</strong></span> <span class='ocrx_word' id='word_1_50' title='bbox 335 1039 506 1107; x_wconf 90' lang='lat' dir='ltr'><strong>tollendum</strong></span> <span class='ocrx_word' id='word_1_51' title='bbox 532 1049 594 1118; x_wconf 90' lang='lat' dir='ltr'><strong>est,</strong></span> <span class='ocrx_word' id='word_1_52' title='bbox 623 1049 676 1107; x_wconf 85' lang='lat' dir='ltr'><strong>eut</strong></span> <span class='ocrx_word' id='word_1_53' title='bbox 696 1039 865 1106; x_wconf 87' lang='lat' dir='ltr'><strong>serendum.</strong></span> <span class='ocrx_word' id='word_1_54' title='bbox 908 1039 972 1120; x_wconf 78' lang='lat' dir='ltr'><strong>Qui</strong></span> <span class='ocrx_word' id='word_1_55' title='bbox 992 1040 1074 1104; x_wconf 85' lang='lat' dir='ltr'><strong>tollit</strong></span> <span class='ocrx_word' id='word_1_56' title='bbox 1094 1039 1204 1105; x_wconf 82' lang='lat' dir='ltr'><strong>sitium</strong></span> 
     </span>
     <span class='ocr_line' id='line_1_8' title="bbox 135 1148 1206 1237; baseline 0 -23"><span class='ocrx_word' id='word_1_57' title='bbox 135 1148 374 1216; x_wconf 82' lang='lat' dir='ltr'><strong>commodiorem</strong></span> <span class='ocrx_word' id='word_1_58' title='bbox 395 1148 556 1237; x_wconf 84' lang='lat' dir='ltr'><strong>conjugem</strong></span> <span class='ocrx_word' id='word_1_59' title='bbox 574 1157 724 1236; x_wconf 79' lang='lat' dir='ltr'><strong>praestat:</strong></span> <span class='ocrx_word' id='word_1_60' title='bbox 752 1150 807 1235; x_wconf 94' lang='lat' dir='ltr'><strong>qui</strong></span> <span class='ocrx_word' id='word_1_61' title='bbox 828 1148 902 1226; x_wconf 86' lang='lat' dir='ltr'><strong>lert,</strong></span> <span class='ocrx_word' id='word_1_62' title='bbox 929 1169 962 1214; x_wconf 89' lang='lat' dir='ltr'><strong>se</strong></span> <span class='ocrx_word' id='word_1_63' title='bbox 989 1150 1090 1234; x_wconf 88' lang='lat' dir='ltr'><strong>ipsum</strong></span> <span class='ocrx_word' id='word_1_64' title='bbox 1112 1149 1206 1215; x_wconf 87' lang='lat' dir='ltr'><strong>efficit</strong></span> 
     </span>
     <span class='ocr_line' id='line_1_9' title="bbox 135 1257 1206 1346; baseline -0.005 -21"><span class='ocrx_word' id='word_1_65' title='bbox 135 1258 321 1325; x_wconf 86' lang='lat' dir='ltr'><strong>meliorem.“</strong></span> <span class='ocrx_word' id='word_1_66' title='bbox 363 1259 449 1326; x_wconf 88' lang='lat' dir='ltr'><strong>Idem</strong></span> <span class='ocrx_word' id='word_1_67' title='bbox 469 1261 600 1346; x_wconf 82' lang='lat' dir='ltr'><strong>scriptor</strong></span> <span class='ocrx_word' id='word_1_68' title='bbox 620 1258 758 1346; x_wconf 87' lang='lat' dir='ltr'><strong>ejusdem</strong></span> <span class='ocrx_word' id='word_1_69' title='bbox 776 1257 881 1344; x_wconf 89' lang='lat' dir='ltr'><strong>operis</strong></span> <span class='ocrx_word' id='word_1_70' title='bbox 899 1257 978 1322; x_wconf 88' lang='lat' dir='ltr'><strong>libro</strong></span> <span class='ocrx_word' id='word_1_71' title='bbox 996 1257 1080 1334; x_wconf 85' lang='lat' dir='ltr'><strong>vni,</strong></span> <span class='ocrx_word' id='word_1_72' title='bbox 1096 1277 1161 1342; x_wconf 87' lang='lat' dir='ltr'><strong>cap.</strong></span> <span class='ocrx_word' id='word_1_73' title='bbox 1178 1258 1206 1320; x_wconf 79' lang='lat' dir='ltr'><strong>i.</strong></span> 
     </span>
     <span class='ocr_line' id='line_1_10' title="bbox 135 1365 1207 1453; baseline -0.004 -18"><span class='ocrx_word' id='word_1_74' title='bbox 135 1371 224 1435; x_wconf 86' lang='lat' dir='ltr'><strong>effert</strong></span> <span class='ocrx_word' id='word_1_75' title='bbox 246 1370 347 1436; x_wconf 90' lang='lat' dir='ltr'><strong>locum</strong></span> <span class='ocrx_word' id='word_1_76' title='bbox 374 1390 414 1434; x_wconf 79' lang='lat' dir='ltr'><strong>es</strong></span> <span class='ocrx_word' id='word_1_77' title='bbox 440 1368 550 1434; x_wconf 76' lang='lat' dir='ltr'><strong>Satura</strong></span> <span class='ocrx_word' id='word_1_78' title='bbox 573 1369 695 1446; x_wconf 83' lang='lat' dir='ltr'><strong>‚,Nescis</strong></span> <span class='ocrx_word' id='word_1_79' title='bbox 723 1366 808 1444; x_wconf 79' lang='lat' dir='ltr'><strong>Ouid</strong></span> <span class='ocrx_word' id='word_1_80' title='bbox 835 1367 942 1453; x_wconf 83' lang='lat' dir='ltr'><strong>Vesper</strong></span> <span class='ocrx_word' id='word_1_81' title='bbox 964 1365 1059 1433; x_wconf 84' lang='lat' dir='ltr'><strong>Seras</strong></span> <span class='ocrx_word' id='word_1_82' title='bbox 1091 1367 1207 1444; x_wconf 58' lang='lat' dir='ltr'><strong>Vetus</strong></span> 
     </span>
     <span class='ocr_line' id='line_1_11' title="bbox 135 1475 1206 1565; baseline -0.004 -22"><span class='ocrx_word' id='word_1_83' title='bbox 135 1499 299 1564; x_wconf 86' lang='lat' dir='ltr'><strong>suppresso</strong></span> <span class='ocrx_word' id='word_1_84' title='bbox 321 1486 425 1544; x_wconf 86' lang='lat' dir='ltr'><strong>temen</strong></span> <span class='ocrx_word' id='word_1_85' title='bbox 444 1477 510 1565; x_wconf 88' lang='lat' dir='ltr'><strong>ejus</strong></span> <span class='ocrx_word' id='word_1_86' title='bbox 532 1477 603 1542; x_wconf 91' lang='lat' dir='ltr'><strong>libri</strong></span> <span class='ocrx_word' id='word_1_87' title='bbox 623 1477 722 1543; x_wconf 90' lang='lat' dir='ltr'><strong>titulo.</strong></span> <span class='ocrx_word' id='word_1_88' title='bbox 754 1475 837 1543; x_wconf 85' lang='lat' dir='ltr'><strong>Cave</strong></span> <span class='ocrx_word' id='word_1_89' title='bbox 856 1482 970 1552; x_wconf 86' lang='lat' dir='ltr'><strong>autem,</strong></span> <span class='ocrx_word' id='word_1_90' title='bbox 988 1475 1037 1540; x_wconf 83' lang='lat' dir='ltr'><strong>liis</strong></span> <span class='ocrx_word' id='word_1_91' title='bbox 1057 1475 1206 1541; x_wconf 85' lang='lat' dir='ltr'><strong>testimo-</strong></span> 
     </span>
     <span class='ocr_line' id='line_1_12' title="bbox 134 1584 1206 1673; baseline -0.004 -21"><span class='ocrx_word' id='word_1_92' title='bbox 134 1588 194 1654; x_wconf 82' lang='lat' dir='ltr'><strong>niis</strong></span> <span class='ocrx_word' id='word_1_93' title='bbox 216 1587 333 1672; x_wconf 88' lang='lat' dir='ltr'><strong>sliquid</strong></span> <span class='ocrx_word' id='word_1_94' title='bbox 347 1587 480 1652; x_wconf 86' lang='lat' dir='ltr'><strong>tribuas:</strong></span> <span class='ocrx_word' id='word_1_95' title='bbox 497 1594 662 1673; x_wconf 84' lang='lat' dir='ltr'><strong>postquam</strong></span> <span class='ocrx_word' id='word_1_96' title='bbox 679 1593 871 1672; x_wconf 90' lang='lat' dir='ltr'><strong>compertum</strong></span> <span class='ocrx_word' id='word_1_97' title='bbox 888 1594 944 1661; x_wconf 88' lang='lat' dir='ltr'><strong>est,</strong></span> <span class='ocrx_word' id='word_1_98' title='bbox 954 1585 1127 1651; x_wconf 74' lang='lat' dir='ltr'><strong>iohannem</strong></span> <span class='ocrx_word' id='word_1_99' title='bbox 1140 1584 1206 1649; x_wconf 84' lang='lat' dir='ltr'><strong>Sa-</strong></span> 
     </span>
     <span class='ocr_line' id='line_1_13' title="bbox 134 1693 1204 1780; baseline -0.004 -19"><span class='ocrx_word' id='word_1_100' title='bbox 134 1695 353 1762; x_wconf 88' lang='lat' dir='ltr'><strong>risberiensem</strong></span> <span class='ocrx_word' id='word_1_101' title='bbox 383 1715 542 1780; x_wconf 88' lang='lat' dir='ltr'><strong>nunquam</strong></span> <span class='ocrx_word' id='word_1_102' title='bbox 571 1695 682 1760; x_wconf 88' lang='lat' dir='ltr'><strong>vidisse</strong></span> <span class='ocrx_word' id='word_1_103' title='bbox 705 1694 854 1760; x_wconf 82' lang='lat' dir='ltr'><strong>Varronis</strong></span> <span class='ocrx_word' id='word_1_104' title='bbox 885 1693 987 1759; x_wconf 89' lang='lat' dir='ltr'><strong>libros.</strong></span> <span class='ocrx_word' id='word_1_105' title='bbox 1031 1694 1204 1778; x_wconf 87' lang='lat' dir='ltr'><strong>Utrumque</strong></span> 
     </span>
     <span class='ocr_line' id='line_1_14' title="bbox 135 1802 1205 1891; baseline -0.002 -22"><span class='ocrx_word' id='word_1_106' title='bbox 135 1806 237 1870; x_wconf 87' lang='lat' dir='ltr'><strong>locum</strong></span> <span class='ocrx_word' id='word_1_107' title='bbox 256 1802 416 1888; x_wconf 86' lang='lat' dir='ltr'><strong>descripsit</strong></span> <span class='ocrx_word' id='word_1_108' title='bbox 435 1824 473 1868; x_wconf 84' lang='lat' dir='ltr'><strong>ex</strong></span> <span class='ocrx_word' id='word_1_109' title='bbox 491 1803 607 1871; x_wconf 87' lang='lat' dir='ltr'><strong>Gellio:</strong></span> <span class='ocrx_word' id='word_1_110' title='bbox 624 1813 661 1870; x_wconf 87' lang='lat' dir='ltr'><strong>ut</strong></span> <span class='ocrx_word' id='word_1_111' title='bbox 680 1805 792 1890; x_wconf 89' lang='lat' dir='ltr'><strong>reliqui</strong></span> <span class='ocrx_word' id='word_1_112' title='bbox 813 1824 939 1891; x_wconf 90' lang='lat' dir='ltr'><strong>quoque</strong></span> <span class='ocrx_word' id='word_1_113' title='bbox 962 1803 1030 1881; x_wconf 89' lang='lat' dir='ltr'><strong>loci,</strong></span> <span class='ocrx_word' id='word_1_114' title='bbox 1050 1811 1205 1888; x_wconf 85' lang='lat' dir='ltr'><strong>quotquot</strong></span> 
     </span>
     <span class='ocr_line' id='line_1_15' title="bbox 134 1913 1204 2001; baseline 0.001 -22"><span class='ocrx_word' id='word_1_115' title='bbox 134 1936 173 1979; x_wconf 89' lang='lat' dir='ltr'><strong>ex</strong></span> <span class='ocrx_word' id='word_1_116' title='bbox 200 1915 340 1980; x_wconf 88' lang='lat' dir='ltr'><strong>Varrone</strong></span> <span class='ocrx_word' id='word_1_117' title='bbox 367 1914 471 1991; x_wconf 81' lang='lat' dir='ltr'><strong>affert,</strong></span> <span class='ocrx_word' id='word_1_118' title='bbox 502 1936 565 1981; x_wconf 95' lang='lat' dir='ltr'><strong>non</strong></span> <span class='ocrx_word' id='word_1_119' title='bbox 591 1935 631 1980; x_wconf 82' lang='lat' dir='ltr'><strong>ex</strong></span> <span class='ocrx_word' id='word_1_120' title='bbox 658 1913 751 2001; x_wconf 85' lang='lat' dir='ltr'><strong>hujus</strong></span> <span class='ocrx_word' id='word_1_121' title='bbox 780 1914 892 1998; x_wconf 90' lang='lat' dir='ltr'><strong>ipsius,</strong></span> <span class='ocrx_word' id='word_1_122' title='bbox 922 1913 976 1980; x_wconf 89' lang='lat' dir='ltr'><strong>sed</strong></span> <span class='ocrx_word' id='word_1_123' title='bbox 1007 1935 1044 1979; x_wconf 86' lang='lat' dir='ltr'><strong>er</strong></span> <span class='ocrx_word' id='word_1_124' title='bbox 1072 1913 1204 1980; x_wconf 76' lang='lat' dir='ltr'><strong>alionum</strong></span> 
     </span>
     <span class='ocr_line' id='line_1_16' title="bbox 134 2022 689 2109; baseline -0.004 -21"><span class='ocrx_word' id='word_1_125' title='bbox 134 2023 317 2109; x_wconf 89' lang='lat' dir='ltr'><strong>scriptorum</strong></span> <span class='ocrx_word' id='word_1_126' title='bbox 338 2022 424 2088; x_wconf 89' lang='lat' dir='ltr'><strong>libris</strong></span> <span class='ocrx_word' id='word_1_127' title='bbox 445 2022 602 2090; x_wconf 82' lang='lat' dir='ltr'><strong>lluxerunt</strong></span> <span class='ocrx_word' id='word_1_128' title='bbox 625 2028 689 2101; x_wconf 70' lang='grc' dir='ltr'><strong>Μ).</strong></span> 
     </span>
    </p>
   </div>
   <div class='ocr_carea' id='block_1_3' title="bbox 315 2199 956 3205">
    <p class='ocr_par' dir='ltr' id='par_1_3' title="bbox 315 2199 956 3205">
     <span class='ocr_line' id='line_1_17' title="bbox 315 2199 916 2258; baseline 0.002 -14"><span class='ocrx_word' id='word_1_129' title='bbox 315 2253 318 2258; x_wconf 32' lang='grc' dir='ltr'>Ι</span> <span class='ocrx_word' id='word_1_130' title='bbox 334 2199 476 2254; x_wconf 84' lang='lat' dir='ltr'><strong>spondeum</strong></span> <span class='ocrx_word' id='word_1_131' title='bbox 499 2199 523 2246; x_wconf 88' lang='lat' dir='ltr'><strong>si</strong></span> <span class='ocrx_word' id='word_1_132' title='bbox 541 2200 639 2254; x_wconf 87' lang='lat' dir='ltr'><strong>quidem</strong></span> <span class='ocrx_word' id='word_1_133' title='bbox 656 2199 719 2244; x_wconf 86' lang='lat' dir='ltr'><strong>inter</strong></span> <span class='ocrx_word' id='word_1_134' title='bbox 737 2203 762 2244; x_wconf 86' lang='lat' dir='ltr'><strong>ct</strong></span> <span class='ocrx_word' id='word_1_135' title='bbox 778 2201 916 2245; x_wconf 82' lang='lat' dir='ltr'><strong>secundum</strong></span> 
     </span>
     <span class='ocr_line' id='line_1_18' title="bbox 334 2267 868 2324; baseline 0.004 -14"><span class='ocrx_word' id='word_1_136' title='bbox 334 2267 413 2320; x_wconf 76' lang='lat' dir='ltr'><strong>Quem</strong></span> <span class='ocrx_word' id='word_1_137' title='bbox 435 2267 488 2313; x_wconf 88' lang='lat' dir='ltr'><strong>scis</strong></span> <span class='ocrx_word' id='word_1_138' title='bbox 506 2268 625 2321; x_wconf 83' lang='lat' dir='ltr'><strong>dactylon</strong></span> <span class='ocrx_word' id='word_1_139' title='bbox 642 2267 682 2312; x_wconf 86' lang='lat' dir='ltr'><strong>liic</strong></span> <span class='ocrx_word' id='word_1_140' title='bbox 700 2267 868 2324; x_wconf 68' lang='lat' dir='ltr'><strong>salemoni,</strong></span> 
     </span>
     <span class='ocr_line' id='line_1_19' title="bbox 337 2333 843 2393; baseline 0 -14"><span class='ocrx_word' id='word_1_141' title='bbox 337 2333 364 2379; x_wconf 83' lang='lat' dir='ltr'><strong>sl</strong></span> <span class='ocrx_word' id='word_1_142' title='bbox 381 2335 468 2382; x_wconf 85' lang='lat' dir='ltr'><strong>trudas</strong></span> <span class='ocrx_word' id='word_1_143' title='bbox 484 2340 662 2393; x_wconf 71' lang='lat' dir='ltr'><strong>antecessum,</strong></span> <span class='ocrx_word' id='word_1_144' title='bbox 683 2334 843 2392; x_wconf 78' lang='lat' dir='ltr'><strong>insertisque,</strong></span> 
     </span>
     <span class='ocr_line' id='line_1_20' title="bbox 335 2402 836 2459; baseline -0.004 -12"><span class='ocrx_word' id='word_1_145' title='bbox 335 2402 432 2455; x_wconf 76' lang='lat' dir='ltr'><strong>iungas</strong></span> <span class='ocrx_word' id='word_1_146' title='bbox 450 2407 547 2459; x_wconf 82' lang='lat' dir='ltr'><strong>cetera,</strong></span> <span class='ocrx_word' id='word_1_147' title='bbox 566 2406 620 2458; x_wconf 86' lang='lat' dir='ltr'><strong>jam</strong></span> <span class='ocrx_word' id='word_1_148' title='bbox 637 2402 734 2447; x_wconf 85' lang='lat' dir='ltr'><strong>videbis</strong></span> <span class='ocrx_word' id='word_1_149' title='bbox 753 2402 836 2455; x_wconf 87' lang='lat' dir='ltr'><strong>ipsum</strong></span> 
     </span>
     <span class='ocr_line' id='line_1_21' title="bbox 337 2468 837 2523; baseline -0.006 -8"><span class='ocrx_word' id='word_1_150' title='bbox 337 2468 462 2515; x_wconf 83' lang='lat' dir='ltr'><strong>consueto</strong></span> <span class='ocrx_word' id='word_1_151' title='bbox 480 2471 545 2523; x_wconf 78' lang='lat' dir='ltr'><strong>pede</strong></span> <span class='ocrx_word' id='word_1_152' title='bbox 563 2470 680 2515; x_wconf 79' lang='lat' dir='ltr'><strong>sutsdern</strong></span> <span class='ocrx_word' id='word_1_153' title='bbox 697 2471 837 2523; x_wconf 83' lang='lat' dir='ltr'><strong>ioquntum:</strong></span> 
     </span>
     <span class='ocr_line' id='line_1_22' title="bbox 340 2531 835 2583; baseline 0 -2"><span class='ocrx_word' id='word_1_154' title='bbox 340 2532 452 2583; x_wconf 78' lang='lat' dir='ltr'><strong>carmen</strong></span> <span class='ocrx_word' id='word_1_155' title='bbox 471 2531 591 2581; x_wconf 78' lang='lat' dir='ltr'><strong>Pierides</strong></span> <span class='ocrx_word' id='word_1_156' title='bbox 608 2532 708 2581; x_wconf 81' lang='lat' dir='ltr'><strong>dudunt</strong></span> <span class='ocrx_word' id='word_1_157' title='bbox 725 2547 835 2581; x_wconf 84' lang='lat' dir='ltr'><strong>sorores.</strong></span> 
     </span>
     <span class='ocr_line' id='line_1_23' title="bbox 336 2596 914 2657; baseline 0 -10"><span class='ocrx_word' id='word_1_158' title='bbox 336 2598 363 2647; x_wconf 83' lang='lat' dir='ltr'><strong>sl</strong></span> <span class='ocrx_word' id='word_1_159' title='bbox 386 2602 467 2648; x_wconf 86' lang='lat' dir='ltr'><strong>dicam</strong></span> <span class='ocrx_word' id='word_1_160' title='bbox 489 2596 623 2657; x_wconf 68' lang='lat' dir='ltr'><strong>replete</strong></span> <span class='ocrx_word' id='word_1_161' title='bbox 643 2604 725 2657; x_wconf 74' lang='lat' dir='ltr'><strong>palem</strong></span> <span class='ocrx_word' id='word_1_162' title='bbox 745 2608 785 2648; x_wconf 89' lang='lat' dir='ltr'><strong>est</strong></span> <span class='ocrx_word' id='word_1_163' title='bbox 803 2601 914 2657; x_wconf 82' lang='lat' dir='ltr'><strong>proiecto</strong></span> 
     </span>
     <span class='ocr_line' id='line_1_24' title="bbox 336 2669 900 2727; baseline 0.004 -14"><span class='ocrx_word' id='word_1_164' title='bbox 336 2669 408 2723; x_wconf 72' lang='lat' dir='ltr'><strong>duod</strong></span> <span class='ocrx_word' id='word_1_165' title='bbox 427 2670 459 2716; x_wconf 90' lang='lat' dir='ltr'><strong>sit</strong></span> <span class='ocrx_word' id='word_1_166' title='bbox 482 2681 529 2725; x_wconf 82' lang='lat' dir='ltr'><strong>pes</strong></span> <span class='ocrx_word' id='word_1_167' title='bbox 548 2675 714 2727; x_wconf 76' lang='lat' dir='ltr'><strong>anapaestus:</strong></span> <span class='ocrx_word' id='word_1_168' title='bbox 738 2670 823 2717; x_wconf 84' lang='lat' dir='ltr'><strong>insero</strong></span> <span class='ocrx_word' id='word_1_169' title='bbox 840 2681 900 2725; x_wconf 66' lang='lat' dir='ltr'><strong>argo</strong></span> 
     </span>
     <span class='ocr_line' id='line_1_25' title="bbox 338 2737 851 2794; baseline 0.006 -13"><span class='ocrx_word' id='word_1_170' title='bbox 338 2737 454 2789; x_wconf 79' lang='lat' dir='ltr'><strong>spondeo</strong></span> <span class='ocrx_word' id='word_1_171' title='bbox 473 2738 580 2783; x_wconf 86' lang='lat' dir='ltr'><strong>medium</strong></span> <span class='ocrx_word' id='word_1_172' title='bbox 596 2744 669 2794; x_wconf 85' lang='lat' dir='ltr'><strong>sique</strong></span> <span class='ocrx_word' id='word_1_173' title='bbox 687 2739 851 2793; x_wconf 78' lang='lat' dir='ltr'><strong>consequenti</strong></span> 
     </span>
     <span class='ocr_line' id='line_1_26' title="bbox 337 2802 849 2861; baseline 0.004 -12"><span class='ocrx_word' id='word_1_174' title='bbox 337 2804 391 2849; x_wconf 87' lang='lat' dir='ltr'><strong>ilcc</strong></span> <span class='ocrx_word' id='word_1_175' title='bbox 405 2802 520 2851; x_wconf 84' lang='lat' dir='ltr'><strong>numeni</strong></span> <span class='ocrx_word' id='word_1_176' title='bbox 554 2802 629 2861; x_wconf 67' lang='lat' dir='ltr'><strong>iduee</strong></span> <span class='ocrx_word' id='word_1_177' title='bbox 645 2806 677 2853; x_wconf 87' lang='lat' dir='ltr'><strong>sit</strong></span> <span class='ocrx_word' id='word_1_178' title='bbox 696 2816 769 2852; x_wconf 87' lang='lat' dir='ltr'><strong>omne</strong></span> <span class='ocrx_word' id='word_1_179' title='bbox 787 2809 849 2852; x_wconf 79' lang='lat' dir='ltr'><strong>isle:</strong></span> 
     </span>
     <span class='ocr_line' id='line_1_27' title="bbox 342 2866 956 2936; baseline 0 -19"><span class='ocrx_word' id='word_1_180' title='bbox 342 2866 453 2919; x_wconf 80' lang='lat' dir='ltr'><strong>Currnerr</strong></span> <span class='ocrx_word' id='word_1_181' title='bbox 470 2868 524 2936; x_wconf 90' lang='lat' dir='ltr'><strong>lepi</strong></span> <span class='ocrx_word' id='word_1_182' title='bbox 543 2885 575 2921; x_wconf 88' lang='lat' dir='ltr'><strong>ue</strong></span> <span class='ocrx_word' id='word_1_183' title='bbox 593 2869 711 2921; x_wconf 82' lang='lat' dir='ltr'><strong>Pierides</strong></span> <span class='ocrx_word' id='word_1_184' title='bbox 729 2870 830 2921; x_wconf 84' lang='lat' dir='ltr'><strong>dudunt</strong></span> <span class='ocrx_word' id='word_1_185' title='bbox 849 2884 956 2921; x_wconf 84' lang='lat' dir='ltr'><strong>sorores.</strong></span> 
     </span>
     <span class='ocr_line' id='line_1_28' title="bbox 335 2940 762 2997; baseline 0.007 -14"><span class='ocrx_word' id='word_1_186' title='bbox 335 2940 455 2986; x_wconf 79' lang='lat' dir='ltr'><strong>idcircum</strong></span> <span class='ocrx_word' id='word_1_187' title='bbox 473 2952 553 2997; x_wconf 80' lang='lat' dir='ltr'><strong>genus</strong></span> <span class='ocrx_word' id='word_1_188' title='bbox 575 2943 762 2997; x_wconf 79' lang='lat' dir='ltr'><strong>psalteriorum</strong></span> 
     </span>
     <span class='ocr_line' id='line_1_29' title="bbox 334 3006 830 3065; baseline 0.004 -12"><span class='ocrx_word' id='word_1_189' title='bbox 334 3006 378 3053; x_wconf 89' lang='lat' dir='ltr'><strong>Vir</strong></span> <span class='ocrx_word' id='word_1_190' title='bbox 396 3010 557 3056; x_wconf 83' lang='lat' dir='ltr'><strong>doctissimus</strong></span> <span class='ocrx_word' id='word_1_191' title='bbox 575 3012 731 3065; x_wconf 83' lang='lat' dir='ltr'><strong>undicunque</strong></span> <span class='ocrx_word' id='word_1_192' title='bbox 751 3012 830 3056; x_wconf 77' lang='lat' dir='ltr'><strong>verro</strong></span> 
     </span>
     <span class='ocr_line' id='line_1_30' title="bbox 335 3076 764 3133; baseline 0.005 -13"><span class='ocrx_word' id='word_1_193' title='bbox 335 3076 374 3121; x_wconf 81' lang='lat' dir='ltr'><strong>Ad</strong></span> <span class='ocrx_word' id='word_1_194' title='bbox 392 3078 471 3132; x_wconf 83' lang='lat' dir='ltr'><strong>legem</strong></span> <span class='ocrx_word' id='word_1_195' title='bbox 492 3078 607 3133; x_wconf 75' lang='lat' dir='ltr'><strong>redigens</strong></span> <span class='ocrx_word' id='word_1_196' title='bbox 626 3079 764 3124; x_wconf 86' lang='lat' dir='ltr'><strong>ionicorum</strong></span> 
     </span>
     <span class='ocr_line' id='line_1_31' title="bbox 335 3142 830 3205; baseline 0.002 -17"><span class='ocrx_word' id='word_1_197' title='bbox 335 3142 397 3189; x_wconf 90' lang='lat' dir='ltr'><strong>lllnc</strong></span> <span class='ocrx_word' id='word_1_198' title='bbox 414 3152 487 3193; x_wconf 85' lang='lat' dir='ltr'><strong>netes</strong></span> <span class='ocrx_word' id='word_1_199' title='bbox 506 3146 539 3192; x_wconf 86' lang='lat' dir='ltr'><strong>alt</strong></span> <span class='ocrx_word' id='word_1_200' title='bbox 558 3158 629 3205; x_wconf 82' lang='lat' dir='ltr'><strong>esse,</strong></span> <span class='ocrx_word' id='word_1_201' title='bbox 648 3147 694 3193; x_wconf 88' lang='lat' dir='ltr'><strong>sed</strong></span> <span class='ocrx_word' id='word_1_202' title='bbox 710 3146 830 3190; x_wconf 87' lang='lat' dir='ltr'><strong>minores.</strong></span> 
     </span>
    </p>
   </div>
   <div class='ocr_carea' id='block_1_4' title="bbox 130 3220 955 3283">
    <p class='ocr_par' dir='ltr' id='par_1_4' title="bbox 130 3220 955 3283">
     <span class='ocr_line' id='line_1_32' title="bbox 130 3220 955 3283; baseline 0.001 -15"><span class='ocrx_word' id='word_1_203' title='bbox 130 3220 265 3283; x_wconf 79' lang='lat' dir='ltr'><strong>deinceps</strong></span> <span class='ocrx_word' id='word_1_204' title='bbox 281 3220 309 3270; x_wconf 92' lang='lat' dir='ltr'><strong>ln</strong></span> <span class='ocrx_word' id='word_1_205' title='bbox 328 3223 450 3274; x_wconf 89' lang='lat' dir='ltr'><strong>carmine</strong></span> <span class='ocrx_word' id='word_1_206' title='bbox 469 3225 503 3273; x_wconf 91' lang='lat' dir='ltr'><strong>dc</strong></span> <span class='ocrx_word' id='word_1_207' title='bbox 520 3228 603 3275; x_wconf 84' lang='lat' dir='ltr'><strong>sexte</strong></span> <span class='ocrx_word' id='word_1_208' title='bbox 619 3230 693 3275; x_wconf 92' lang='lat' dir='ltr'><strong>tome</strong></span> <span class='ocrx_word' id='word_1_209' title='bbox 709 3221 955 3283; x_wconf 69' lang='lat' dir='ltr'><strong>hendecasyllabi:</strong></span> 
     </span>
    </p>
   </div>
   <div class='ocr_carea' id='block_1_5' title="bbox 336 3312 950 3500">
    <p class='ocr_par' dir='ltr' id='par_1_5' title="bbox 336 3312 950 3500">
     <span class='ocr_line' id='line_1_33' title="bbox 336 3312 950 3370; baseline -0.005 -15"><span class='ocrx_word' id='word_1_210' title='bbox 336 3313 404 3363; x_wconf 78' lang='lat' dir='ltr'><strong>„Nec</strong></span> <span class='ocrx_word' id='word_1_211' title='bbox 422 3312 509 3357; x_wconf 88' lang='lat' dir='ltr'><strong>mirum</strong></span> <span class='ocrx_word' id='word_1_212' title='bbox 528 3318 600 3370; x_wconf 83' lang='lat' dir='ltr'><strong>puto,</strong></span> <span class='ocrx_word' id='word_1_213' title='bbox 623 3312 721 3365; x_wconf 79' lang='lat' dir='ltr'><strong>quando</strong></span> <span class='ocrx_word' id='word_1_214' title='bbox 741 3312 840 3356; x_wconf 83' lang='lat' dir='ltr'><strong>Varro</strong></span> <span class='ocrx_word' id='word_1_215' title='bbox 857 3320 950 3354; x_wconf 87' lang='lat' dir='ltr'><strong>versus</strong></span> 
     </span>
     <span class='ocr_line' id='line_1_34' title="bbox 337 3378 804 3437; baseline 0.004 -16"><span class='ocrx_word' id='word_1_216' title='bbox 337 3378 403 3433; x_wconf 85' lang='lat' dir='ltr'><strong>iios,</strong></span> <span class='ocrx_word' id='word_1_217' title='bbox 421 3385 447 3422; x_wconf 89' lang='lat' dir='ltr'><strong>ut</strong></span> <span class='ocrx_word' id='word_1_218' title='bbox 466 3378 589 3437; x_wconf 84' lang='lat' dir='ltr'><strong>diximus,</strong></span> <span class='ocrx_word' id='word_1_219' title='bbox 608 3384 632 3423; x_wconf 85' lang='lat' dir='ltr'><strong>et</strong></span> <span class='ocrx_word' id='word_1_220' title='bbox 649 3380 713 3423; x_wconf 84' lang='lat' dir='ltr'><strong>Jone</strong></span> <span class='ocrx_word' id='word_1_221' title='bbox 731 3383 804 3423; x_wconf 83' lang='lat' dir='ltr'><strong>natos</strong></span> 
     </span>
     <span class='ocr_line' id='line_1_35' title="bbox 336 3439 858 3500; baseline 0.004 -13"><span class='ocrx_word' id='word_1_222' title='bbox 336 3442 476 3499; x_wconf 75' lang='lat' dir='ltr'><strong>nlsrineust</strong></span> <span class='ocrx_word' id='word_1_223' title='bbox 491 3454 595 3491; x_wconf 87' lang='lat' dir='ltr'><strong>numero</strong></span> <span class='ocrx_word' id='word_1_224' title='bbox 613 3447 703 3500; x_wconf 82' lang='lat' dir='ltr'><strong>pedum</strong></span> <span class='ocrx_word' id='word_1_225' title='bbox 721 3439 858 3491; x_wconf 84' lang='lat' dir='ltr'><strong>minores.“</strong></span> 
     </span>
    </p>
   </div>
   <div class='ocr_carea' id='block_1_6' title="bbox 131 3520 1203 4173">
    <p class='ocr_par' dir='ltr' id='par_1_6' title="bbox 131 3520 1203 4173">
     <span class='ocr_line' id='line_1_36' title="bbox 202 3520 1203 3589; baseline 0.004 -20"><span class='ocrx_word' id='word_1_226' title='bbox 202 3520 249 3578; x_wconf 72' lang='lat'><strong>²²)</strong></span> <span class='ocrx_word' id='word_1_227' title='bbox 266 3520 339 3571; x_wconf 79' lang='lat' dir='ltr'><strong>(leli.</strong></span> <span class='ocrx_word' id='word_1_228' title='bbox 354 3524 388 3572; x_wconf 88' lang='grc' dir='ltr'><strong>Ν.</strong></span> <span class='ocrx_word' id='word_1_229' title='bbox 402 3526 437 3574; x_wconf 83' lang='grc' dir='ltr'><strong>Δ.</strong></span> <span class='ocrx_word' id='word_1_230' title='bbox 453 3525 530 3588; x_wconf 83' lang='lat' dir='ltr'><strong>xiil,</strong></span> <span class='ocrx_word' id='word_1_231' title='bbox 547 3525 579 3575; x_wconf 88' lang='lat' dir='ltr'><strong>it</strong></span> <span class='ocrx_word' id='word_1_232' title='bbox 598 3529 628 3575; x_wconf 89' lang='lat' dir='ltr'><strong>et</strong></span> <span class='ocrx_word' id='word_1_233' title='bbox 644 3525 667 3589; x_wconf 90' lang='lat' dir='ltr'><strong>l,</strong></span> <span class='ocrx_word' id='word_1_234' title='bbox 685 3524 727 3574; x_wconf 76' lang='grc'><strong>17.</strong></span> <span class='ocrx_word' id='word_1_235' title='bbox 745 3551 781 3562; x_wconf 86' lang='grc'>-</span> <span class='ocrx_word' id='word_1_236' title='bbox 797 3523 908 3587; x_wconf 82' lang='lat' dir='ltr'><strong>Reliqui</strong></span> <span class='ocrx_word' id='word_1_237' title='bbox 925 3521 993 3586; x_wconf 90' lang='lat' dir='ltr'><strong>loci,</strong></span> <span class='ocrx_word' id='word_1_238' title='bbox 1009 3535 1081 3585; x_wconf 87' lang='lat' dir='ltr'><strong>quos</strong></span> <span class='ocrx_word' id='word_1_239' title='bbox 1096 3524 1203 3573; x_wconf 81' lang='lat' dir='ltr'><strong>Joian·</strong></span> 
     </span>
     <span class='ocr_line' id='line_1_37' title="bbox 131 3602 1203 3675; baseline 0.004 -22"><span class='ocrx_word' id='word_1_240' title='bbox 131 3617 183 3654; x_wconf 88' lang='lat' dir='ltr'><strong>nes</strong></span> <span class='ocrx_word' id='word_1_241' title='bbox 203 3602 342 3656; x_wconf 79' lang='lat' dir='ltr'><strong>sarisber.</strong></span> <span class='ocrx_word' id='word_1_242' title='bbox 359 3620 395 3657; x_wconf 83' lang='lat' dir='ltr'><strong>ex</strong></span> <span class='ocrx_word' id='word_1_243' title='bbox 413 3610 542 3658; x_wconf 83' lang='lat' dir='ltr'><strong>Varrone</strong></span> <span class='ocrx_word' id='word_1_244' title='bbox 559 3608 650 3675; x_wconf 81' lang='lat' dir='ltr'><strong>alieri,</strong></span> <span class='ocrx_word' id='word_1_245' title='bbox 667 3613 732 3659; x_wconf 88' lang='lat' dir='ltr'><strong>sunt</strong></span> <span class='ocrx_word' id='word_1_246' title='bbox 752 3609 855 3659; x_wconf 84' lang='lat' dir='ltr'><strong>Polior.</strong></span> <span class='ocrx_word' id='word_1_247' title='bbox 873 3608 909 3673; x_wconf 87' lang='lat' dir='ltr'><strong>ll,</strong></span> <span class='ocrx_word' id='word_1_248' title='bbox 928 3607 954 3669; x_wconf 75' lang='lat'><strong>8,</strong></span> <span class='ocrx_word' id='word_1_249' title='bbox 974 3608 1021 3669; x_wconf 84' lang='lat' dir='ltr'><strong>qui</strong></span> <span class='ocrx_word' id='word_1_250' title='bbox 1035 3608 1140 3669; x_wconf 88' lang='lat' dir='ltr'><strong>petitus</strong></span> <span class='ocrx_word' id='word_1_251' title='bbox 1158 3612 1203 3658; x_wconf 91' lang='lat' dir='ltr'><strong>est</strong></span> 
     </span>
     <span class='ocr_line' id='line_1_38' title="bbox 132 3689 1201 3758; baseline 0.006 -22"><span class='ocrx_word' id='word_1_252' title='bbox 132 3700 168 3737; x_wconf 88' lang='lat' dir='ltr'><strong>ex</strong></span> <span class='ocrx_word' id='word_1_253' title='bbox 185 3689 287 3751; x_wconf 76' lang='lat' dir='ltr'><strong>vegei.</strong></span> <span class='ocrx_word' id='word_1_254' title='bbox 309 3692 343 3740; x_wconf 86' lang='lat' dir='ltr'><strong>de</strong></span> <span class='ocrx_word' id='word_1_255' title='bbox 353 3693 399 3741; x_wconf 82' lang='lat' dir='ltr'><strong>lie</strong></span> <span class='ocrx_word' id='word_1_256' title='bbox 414 3692 496 3742; x_wconf 77' lang='lat' dir='ltr'><strong>Milic.</strong></span> <span class='ocrx_word' id='word_1_257' title='bbox 512 3694 548 3758; x_wconf 88' lang='lat' dir='ltr'><strong>V,</strong></span> <span class='ocrx_word' id='word_1_258' title='bbox 564 3694 595 3742; x_wconf 90' lang='grc'><strong>11</strong></span> <span class='ocrx_word' id='word_1_259' title='bbox 603 3708 613 3757; x_wconf 78' lang='lat'><em>3</em></span> <span class='ocrx_word' id='word_1_260' title='bbox 637 3693 735 3744; x_wconf 87' lang='lat' dir='ltr'><strong>deinde</strong></span> <span class='ocrx_word' id='word_1_261' title='bbox 750 3693 877 3743; x_wconf 83' lang='lat' dir='ltr'><strong>Pollerat</strong></span> <span class='ocrx_word' id='word_1_262' title='bbox 892 3694 915 3756; x_wconf 93' lang='lat' dir='ltr'><strong>l,</strong></span> <span class='ocrx_word' id='word_1_263' title='bbox 929 3692 960 3742; x_wconf 92' lang='lat' dir='ltr'><strong>ii</strong></span> <span class='ocrx_word' id='word_1_264' title='bbox 978 3693 1091 3756; x_wconf 84' lang='lat' dir='ltr'><strong>,‚Varro</strong></span> <span class='ocrx_word' id='word_1_265' title='bbox 1110 3695 1201 3743; x_wconf 87' lang='lat' dir='ltr'><strong>autem</strong></span> 
     </span>
     <span class='ocr_line' id='line_1_39' title="bbox 132 3771 1201 3841; baseline 0.004 -19"><span class='ocrx_word' id='word_1_266' title='bbox 132 3771 345 3825; x_wconf 83' lang='lat' dir='ltr'><strong>curiosissimus</strong></span> <span class='ocrx_word' id='word_1_267' title='bbox 366 3775 440 3826; x_wconf 88' lang='lat' dir='ltr'><strong>inter</strong></span> <span class='ocrx_word' id='word_1_268' title='bbox 459 3777 656 3841; x_wconf 84' lang='lat' dir='ltr'><strong>philosophos,</strong></span> <span class='ocrx_word' id='word_1_269' title='bbox 685 3780 818 3840; x_wconf 88' lang='lat' dir='ltr'><strong>quattuor</strong></span> <span class='ocrx_word' id='word_1_270' title='bbox 835 3777 948 3840; x_wconf 88' lang='lat' dir='ltr'><strong>species</strong></span> <span class='ocrx_word' id='word_1_271' title='bbox 965 3776 1146 3827; x_wconf 77' lang='lat' dir='ltr'><strong>divinationis</strong></span> <span class='ocrx_word' id='word_1_272' title='bbox 1166 3778 1201 3825; x_wconf 80' lang='lat' dir='ltr'><strong>ais</strong></span> 
     </span>
     <span class='ocr_line' id='line_1_40' title="bbox 132 3857 1202 3927; baseline 0.006 -22"><span class='ocrx_word' id='word_1_273' title='bbox 132 3857 277 3909; x_wconf 89' lang='lat' dir='ltr'><strong>elementis</strong></span> <span class='ocrx_word' id='word_1_274' title='bbox 293 3862 434 3910; x_wconf 87' lang='lat' dir='ltr'><strong>mutuatus</strong></span> <span class='ocrx_word' id='word_1_275' title='bbox 454 3864 508 3927; x_wconf 88' lang='lat' dir='ltr'><strong>est,</strong></span> <span class='ocrx_word' id='word_1_276' title='bbox 524 3862 727 3924; x_wconf 83' lang='lat' dir='ltr'><strong>pyromantiam</strong></span> <span class='ocrx_word' id='word_1_277' title='bbox 743 3862 864 3926; x_wconf 89' lang='lat' dir='ltr'><strong>scilieet,</strong></span> <span class='ocrx_word' id='word_1_278' title='bbox 880 3861 1080 3926; x_wconf 75' lang='lat' dir='ltr'><strong>sericiani-iarn,</strong></span> <span class='ocrx_word' id='word_1_279' title='bbox 1096 3863 1202 3923; x_wconf 78' lang='lat' dir='ltr'><strong>lrydrc-</strong></span> 
     </span>
     <span class='ocr_line' id='line_1_41' title="bbox 131 3941 1201 4008; baseline 0.002 -19"><span class='ocrx_word' id='word_1_280' title='bbox 131 3941 260 3991; x_wconf 86' lang='lat' dir='ltr'><strong>mentiam</strong></span> <span class='ocrx_word' id='word_1_281' title='bbox 278 3945 307 3989; x_wconf 90' lang='lat' dir='ltr'><strong>et</strong></span> <span class='ocrx_word' id='word_1_282' title='bbox 324 3944 530 4005; x_wconf 82' lang='lat' dir='ltr'><strong>geomantism“</strong></span> <span class='ocrx_word' id='word_1_283' title='bbox 551 3958 630 4008; x_wconf 87' lang='lat' dir='ltr'><strong>quern</strong></span> <span class='ocrx_word' id='word_1_284' title='bbox 648 3946 742 3996; x_wconf 88' lang='lat' dir='ltr'><strong>locum</strong></span> <span class='ocrx_word' id='word_1_285' title='bbox 759 3945 977 3997; x_wconf 75' lang='lat' dir='ltr'><strong>sarisberiensis</strong></span> <span class='ocrx_word' id='word_1_286' title='bbox 995 3945 1147 4007; x_wconf 80' lang='lat' dir='ltr'><strong>descripsit</strong></span> <span class='ocrx_word' id='word_1_287' title='bbox 1165 3956 1201 3992; x_wconf 83' lang='lat' dir='ltr'><strong>ex</strong></span> 
     </span>
     <span class='ocr_line' id='line_1_42' title="bbox 131 4023 1201 4094; baseline 0.002 -21"><span class='ocrx_word' id='word_1_288' title='bbox 131 4023 234 4074; x_wconf 87' lang='lat' dir='ltr'><strong>isidor.</strong></span> <span class='ocrx_word' id='word_1_289' title='bbox 254 4024 352 4089; x_wconf 81' lang='lat' dir='ltr'><strong>Origg.</strong></span> <span class='ocrx_word' id='word_1_290' title='bbox 369 4026 446 4092; x_wconf 87' lang='lat' dir='ltr'><strong>Vlll,</strong></span> <span class='ocrx_word' id='word_1_291' title='bbox 464 4028 490 4078; x_wconf 80' lang='grc'><strong>9.</strong></span> <span class='ocrx_word' id='word_1_292' title='bbox 526 4030 616 4081; x_wconf 82' lang='lat' dir='ltr'><strong>litium</strong></span> <span class='ocrx_word' id='word_1_293' title='bbox 632 4033 704 4094; x_wconf 82' lang='lat' dir='ltr'><strong>quod</strong></span> <span class='ocrx_word' id='word_1_294' title='bbox 721 4030 750 4080; x_wconf 87' lang='lat' dir='ltr'><strong>in</strong></span> <span class='ocrx_word' id='word_1_295' title='bbox 767 4029 940 4093; x_wconf 70' lang='lat' dir='ltr'><strong>metalogico</strong></span> <span class='ocrx_word' id='word_1_296' title='bbox 959 4028 1043 4093; x_wconf 78' lang='lat' dir='ltr'><strong>1,ti‚</strong></span> <span class='ocrx_word' id='word_1_297' title='bbox 1061 4033 1201 4088; x_wconf 83' lang='lat' dir='ltr'><strong>narratur,</strong></span> 
     </span>
     <span class='ocr_line' id='line_1_43' title="bbox 132 4099 1201 4173; baseline -0.001 -16"><span class='ocrx_word' id='word_1_298' title='bbox 132 4108 245 4157; x_wconf 86' lang='lat' dir='ltr'><strong>seilicet</strong></span> <span class='ocrx_word' id='word_1_299' title='bbox 263 4111 467 4171; x_wconf 78' lang='lat' dir='ltr'><strong>grammaticam</strong></span> <span class='ocrx_word' id='word_1_300' title='bbox 490 4099 657 4165; x_wconf 73' lang='lat' dir='ltr'><strong>s&#39;verrone</strong></span> <span class='ocrx_word' id='word_1_301' title='bbox 677 4115 878 4164; x_wconf 79' lang='lat' dir='ltr'><strong>literatioaem</strong></span> <span class='ocrx_word' id='word_1_302' title='bbox 891 4113 991 4162; x_wconf 87' lang='lat' dir='ltr'><strong>dictam</strong></span> <span class='ocrx_word' id='word_1_303' title='bbox 1014 4122 1094 4173; x_wconf 87' lang='lat' dir='ltr'><strong>esse,</strong></span> <span class='ocrx_word' id='word_1_304' title='bbox 1121 4105 1201 4157; x_wconf 82' lang='lat' dir='ltr'><strong>iluxit</strong></span> 
     </span>
    </p>
   </div>
   <div class='ocr_carea' id='block_1_7' title="bbox 0 0 1472 4750">
    <p class='ocr_par' dir='ltr' id='par_1_7' title="bbox 0 0 1472 4750">
     <span class='ocr_line' id='line_1_44' title="bbox 0 0 1472 4750; baseline 0 0"><span class='ocrx_word' id='word_1_305' title='bbox 0 0 1472 4750; x_wconf 95' lang='lat' dir='ltr'><strong> </strong></span> 
     </span>
    </p>
   </div>
  </div>
 </body>
</html>
