2934 4750
282 317 320 358 nn
344 315 473 359 rnmorrs
494 315 608 373 eureus
630 313 779 360 seruasse
799 315 1040 362 aeneasannos.
1154 298 1197 360 Μ

135 480 227 562 possis
252 499 429 568 comparare
456 491 538 568 quos,
565 501 658 568 supra
687 482 853 549 babuimus
880 481 1062 548 Satauerum
1088 481 1196 548 titulos

133 587 345 675 Sesqea'elsbem
364 597 397 655 at
419 605 653 674 Σκιαμαχίαν.
694 591 775 658 lllud
803 591 887 656 enim
916 611 1031 656 nomen
1060 611 1197 677 proser-

133 696 200 761 biali
216 705 248 762 et
270 697 367 792 laceto
390 719 483 764 sensu
501 719 686 785 usurpamus
708 699 746 764 de
765 699 892 766 bomine
913 708 1038 767 versuto
1058 722 1094 766 eo
1116 721 1196 788 per-

134 804 212 871 valro
236 814 290 872 aut
309 815 392 874 certe
414 808 507 872 telem
530 827 562 872 se
584 827 651 874 esse
676 809 822 895 opinante
844 828 1000 896 supraque
1026 809 1107 875 sires
1128 830 1197 876 seso

132 922 269 998 gerente:
301 924 333 981 et
356 917 422 1003 pari
446 915 555 993 modo,
587 937 683 1003 quum
714 936 875 1001 σκιαμαχεῖν
903 918 951 982 vel
981 936 1198 1001 σκιαμαχεῑοθαι

130 1031 203 1090 teste
228 1023 322 1091 Suida
344 1047 367 1091 s.
387 1047 415 1093 v.
436 1025 555 1105 dioetur
573 1025 612 1090 de
632 1025 737 1091 labore
760 1024 862 1091 inutili
883 1025 1062 1112 viribusque
1083 1029 1197 1094 nostris

130 1134 247 1220 impari,
268 1149 434 1218 σκιαμαχίας
453 1135 635 1202 substantivi
657 1133 695 1198 ab
715 1133 768 1198 illo
788 1134 883 1198 serbo
898 1134 1020 1200 deducti
1039 1135 1071 1198 in
1090 1135 1197 1202 eadem

129 1242 279 1330 repastus
299 1244 384 1310 loeus
406 1245 473 1310 erit.

213 1353 355 1418 Tertium
390 1353 537 1419 indicium
569 1353 601 1417 in
629 1350 897 1436 inscriptionibus,
931 1371 994 1436 quo
1020 1347 1200 1416 Saturarum

129 1481 194 1526 esse
228 1461 454 1546 significentur,
490 1460 676 1527 arbitremur
704 1479 787 1535 esse,
819 1459 845 1522 si
871 1457 937 1523 bini
966 1457 1049 1524 tituli
1073 1458 1200 1544 singuiis

127 1567 216 1635 libris
236 1568 327 1634 inditi
346 1572 558 1656 reperiuntur:
584 1567 671 1655 eujus
691 1554 813 1653 generis
836 1567 891 1653 qui
911 1567 1052 1655 exempla
1075 1565 1200 1652 dapne

127 1676 233 1742 modo
251 1677 406 1761 proximas
429 1677 563 1765 pagellas
590 1677 693 1755 adeat,
723 1677 778 1742 ubi
803 1676 968 1744 habuimus
993 1657 1199 1755 metum,

126 1799 209 1867 rcapl
226 1793 432 1872 Ἐπαρχιῶν,
456 1802 695 1872 Σκιαμαχίαν,
720 1800 798 1870 περὶ
821 1799 955 1870 Trione,
976 1787 1199 1865 Tedummm,

127 1889 205 1958 nael
227 1894 434 1962 Ariadnaeis,
466 1892 511 1949 Τὸ
530 1888 604 1949 Ἐπι
628 1895 675 1965 Τῇ
694 1895 786 1965 Φακῇ
805 1891 949 1962 Maipes,
972 1893 1047 1962 περὶ
1072 1892 1199 1964 Εὕιτη·

130 2000 227 2067 stag,
254 1984 328 2050 alias
356 1987 532 2074 permultas.
583 1987 643 2055 Sed
672 1988 730 2053 boo
758 1987 905 2054 indicium
933 2010 973 2054 ne
1000 1987 1090 2054 fallax
1116 1989 1200 2056 sub-

129 2091 200 2157 inde
228 2092 339 2160 alieubi
366 2096 463 2163 videri
491 2097 604 2182 possit,
637 2117 702 2180 non
724 2105 841 2164 temere
862 2106 910 2164 est
931 2119 989 2164 neo
1010 2098 1077 2165 sine
1099 2119 1199 2181 exee-

128 2203 234 2287 ptione
273 2205 501 2283 statuendum,
525 2207 598 2292 quie
632 2212 768 2282 constat,
810 2227 873 2270 non
906 2227 1020 2290 pausos
1051 2207 1200 2273 Varronis

128 2311 225 2378 libros
244 2332 262 2377 a
283 2312 483 2397 scriptoribus
509 2314 612 2392 citari,
639 2313 693 2398 qui
710 2313 791 2378 binis
812 2312 938 2399 quidem
962 2313 1101 2398 inseripti
1119 2321 1201 2391 sunt,

128 2441 233 2506 neque
268 2427 372 2485 tanan
400 2440 538 2507 unquam
563 2422 601 2491 ad
628 2419 810 2487 Sabuemm
838 2442 949 2505 eorpus
978 2420 1202 2508 pertinuerunt

129 2530 239 2598 Genus
260 2527 373 2595 horum
396 2529 561 2607 librorum,
589 2528 676 2615 quod
696 2529 774 2594 illud
798 2528 945 2595 indicium
967 2529 1123 2615 singulare
1144 2529 1202 2596 sibi

129 2647 162 2705 et
186 2658 352 2704 commune
374 2657 444 2715 eum
467 2638 572 2703 multis
594 2636 713 2703 Saturis
734 2636 842 2716 habet,
864 2646 937 2705 sunt
957 2638 1139 2725 Logbmriei
1158 2638 1203 2703 illi

129 2747 290 2814 communi
312 2746 517 2832 appellatione
539 2746 577 2813 ab
597 2752 722 2812 auctore
744 2746 967 2833 comprehensi,
985 2748 1018 2814 in
1036 2747 1158 2834 quibus,
1175 2748 1201 2813 si

130 2856 266 2946 quidex
288 2855 466 2940 fragmentis
486 2876 592 2921 eorum
613 2864 646 2923 et
671 2877 709 2921 ex
734 2856 803 2942 ipso
825 2857 973 2925 vocabulo
997 2856 1099 2943 oolligi
1121 2857 1201 2936 lieet,

131 2968 268 3034 virorum
285 2964 535 3051 gravissimorum
552 2965 633 3031 diota
651 2964 792 3063 laetaque
804 2966 902 3032 Varro
919 2968 1062 3033 retulisse
1080 2966 1202 3033 videtur

133 3076 321 3162 optimisque
349 3074 498 3161 exemplis
525 3073 691 3161 propositis
719 3074 796 3141 illud
818 3077 1012 3161 potissimum
1039 3074 1204 3153 studuisse,

132 3193 168 3250 ut
191 3183 366 3271 aequalium
388 3169 490 3248 mores
512 3184 544 3247 in
566 3184 696 3269 quodvis
718 3184 828 3249 vitium
851 3185 949 3250 indies
970 3184 1068 3267 magis
1089 3201 1204 3266 pronos

132 3292 326 3379 antiquitatis
346 3293 460 3377 probae
483 3299 515 3356 et
537 3291 683 3377 simplicis
703 3292 870 3356 memoriae
891 3312 949 3376 ope
972 3280 1151 3355 emendaret
1170 3307 1205 3351 ao

133 3403 293 3469 retineret
1221 3386 1226 3393 ⁸

221 3509 401 3585 Jamvero,
429 3514 464 3573 ut
486 3506 706 3592 intelligamus,
737 3509 1105 3594 quatenusretinendum
1127 3512 1204 3580 illud

135 3618 263 3685 tertium
291 3614 440 3682 indicium
466 3616 507 3682 sit
535 3623 567 3681 et
587 3616 625 3681 ad
647 3616 773 3683 Saturae
798 3620 1004 3705 agnoscendas
1031 3620 1205 3689 admitten÷

137 3729 231 3804 dum,
258 3725 459 3793 enumerandi
483 3733 557 3793 sunt
577 3725 710 3812 primum
733 3727 858 3813 quidem
880 3729 938 3815 ipsi
960 3730 1005 3796 illi
1025 3730 1207 3815 Logistoriei

135 3837 285 3902 Varronis
306 3835 385 3913 libri,
406 3834 517 3901 deinde
536 3834 711 3914 videndum,
731 3836 877 3923 quidnam
897 3860 1005 3906 eorum
1023 3836 1206 3924 inseriptio-

138 3966 194 4010 nes
215 3964 232 4009 a
253 3943 433 4010 Saturarum
452 3943 550 4013 titulis
571 3943 714 4011 differant
737 3950 779 4024 ⁶).

210 4088 239 4145 ⁰)
258 4086 456 4151 hoglstorloos
474 4088 563 4139 libros
583 4088 724 4140 assaturis
743 4089 825 4141 etiarn
843 4094 894 4143 lane
912 4106 944 4143 re
963 4092 1092 4143 diversos
1108 4085 1207 4154 luisse,
