2934 4750
280 273 323 333 ao
681 289 784 332 carue
806 291 941 333 rnrunrr.

366 455 508 521 Vidimus
531 456 624 540 igitur
645 455 782 521 Probum
806 456 895 520 nobis
917 455 1035 522 turnum
1059 476 1117 541 pro
1138 475 1213 521 vero
1231 456 1345 521 vendi-

281 566 372 642 disse,
393 586 488 650 quum
510 565 711 650 Menippcum
730 567 901 629 Varronem
923 565 1040 631 dicturo
1061 564 1157 630 luisse
1177 563 1346 630 affirmabat
1452 640 1453 645 ἵ

281 697 298 738 a
324 675 467 739 societate
500 674 630 758 ingenii,
664 674 747 759 quod
774 674 942 760 Menippus
969 695 1096 760 quoque
1122 673 1250 739 Saturae
1277 693 1345 738 suas

281 785 445 869 omnigeno
473 785 607 850 carmine
633 783 838 868 expolivisset.
879 785 959 850 Nam
986 804 1090 870 neque
1111 782 1238 848 &mm
1263 804 1343 848 con-

281 895 401 978 scripsit
421 894 471 964 hic
489 913 641 979 unquam,
677 912 779 977 neque
799 893 934 958 cannino
956 901 1011 959 aut
1034 892 1176 978 parodias
1197 892 1344 958 librorum
1452 928 1453 931 ¹

281 1024 408 1068 suorum
431 1004 562 1068 orationi
585 1002 763 1066 interseruit
787 1002 873 1067 ullas
917 1003 977 1068 Sed
1003 1001 1079 1067 illud
1106 1023 1230 1079 verum,
1263 1003 1344 1087 quod
1452 984 1453 1017 l

280 1113 318 1176 de
339 1113 452 1197 ingenii
472 1113 617 1176 societate
637 1110 711 1175 dicit
727 1110 858 1188 Probus,
878 1112 1019 1198 mmsis
1036 1111 1189 1196 mersimus
1205 1112 1247 1176 sit
1264 1133 1344 1178 suo-

280 1243 350 1286 rum
377 1223 473 1308 ipsius
498 1220 661 1286 verborum
689 1219 849 1304 interpres.
891 1222 1018 1287 Etenim
1044 1221 1070 1286 si
1096 1221 1260 1307 scriptores
1284 1221 1344 1288 duc

280 1331 421 1415 pluresve
442 1330 556 1415 ingenii
574 1329 750 1393 societatem
768 1328 882 1395 habere
902 1331 1056 1408 dicuutur,
1074 1330 1159 1396 unde
1178 1332 1344 1416 cognoscis,

279 1449 332 1508 aut
352 1461 413 1526 qua
434 1441 465 1505 in
494 1460 527 1504 re
552 1437 747 1524 potissimum
773 1458 922 1523 apparere
947 1461 1016 1505 earn
1041 1441 1221 1506 arbitraris?
1262 1442 1343 1507 Num

279 1550 357 1615 lortc
387 1551 418 1613 in
445 1551 482 1614 iis
507 1547 616 1623 rebus,
648 1567 728 1631 quae
757 1549 913 1631 pertinent
943 1550 981 1615 ad
1010 1558 1169 1615 externam
1196 1549 1343 1616 librorum

279 1657 425 1742 speeiem,
451 1664 487 1721 ut
507 1665 580 1720 sunt
603 1653 835 1741 orthographia,
863 1659 964 1725 soluta
987 1667 1042 1725 aut
1062 1660 1154 1745 ligata
1177 1659 1292 1736 oratio,
1319 1661 1343 1724 si

275 1765 387 1850 jambis
418 1765 481 1829 sive
507 1764 637 1830 heroicis
665 1763 804 1829 versibus
833 1787 956 1834 carmen
982 1769 1173 1846 absolvatur,
1205 1769 1253 1835 vel
1281 1769 1343 1833 de·

277 1875 373 1959 nique
391 1874 415 1937 si
438 1874 537 1937 oratio
560 1873 599 1937 sit
619 1873 766 1957 permista
786 1883 879 1961 atquc
899 1886 1070 1963 temperata
1095 1879 1152 1954 ita,
1176 1878 1343 1962 utpede-

278 1991 340 2048 stre
358 2002 456 2067 genus
472 1991 504 2047 et
523 1983 654 2047 alterum
671 1984 756 2068 quod
774 1986 881 2050 metris
898 1988 1034 2054 vinctum
1058 1997 1106 2054 est
1127 1986 1256 2052 invicem
1273 2009 1343 2052 sese

277 2092 451 2178 excipiant?
494 2092 593 2158 Nemo
618 2092 756 2177 prolecto
788 2115 927 2181 unquam
958 2098 991 2161 in
1026 2097 1074 2162 his
1105 2097 1198 2162 rebus
1228 2097 1348 2181 ingenii

277 2202 453 2267 societatem
481 2201 667 2266 scrutabitur
692 2204 802 2281 ullam,
837 2213 945 2290 utpote
967 2227 1047 2292 quae
1066 2207 1131 2270 sola
1155 2213 1188 2270 et
1210 2206 1343 2270 maxima

276 2320 403 2398 apparet
432 2313 463 2377 in
490 2319 743 2398 argumentorum
773 2314 920 2380 similium
948 2315 1040 2382 simili
1061 2315 1252 2382 tractatione.
1295 2316 1343 2380 Ab

276 2423 332 2488 hac
354 2424 448 2508 igituir
468 2429 554 2508 parte
574 2429 621 2487 est
634 2424 733 2487 Varro
754 2444 825 2488 cum
842 2425 992 2511 Menippo
1011 2425 1236 2511 comparandus
1253 2432 1285 2489 et
1304 2425 1343 2490 ob

274 2532 353 2599 hanc
372 2553 466 2598 unam
484 2552 607 2597 causam
622 2532 808 2618 Menippeus
828 2534 999 2619 appellatus
1016 2534 1164 2600 aSaturis
1180 2534 1254 2612 suis,
1266 2554 1344 2619 quas

274 2643 445 2708 aemulatus
466 2641 552 2705 illurn
576 2642 641 2726 ipse
656 2642 839 2727 Menippeas
858 2643 1055 2730 inscripserat
1077 2649 1141 2721 ²⁷).
1183 2643 1344 2709 Orationis

273 2770 348 2813 vero
365 2749 504 2813 biformis
526 2748 617 2814 lacics
638 2750 798 2815 inventum
819 2752 967 2818 Varronis
987 2760 1042 2830 est,
1064 2773 1202 2838 nequeo
1224 2752 1343 2819 Graeco

272 2855 452 2941 repetenda:
469 2856 500 2919 id
520 2857 603 2940 quod
617 2856 679 2941 jam
697 2857 926 2935 Quinctilianus
946 2862 1169 2947 significaverat
1188 2860 1258 2926 loco
1278 2862 1342 2939 illc,

273 2986 366 3051 quem
389 2984 480 3050 supra
504 2964 735 3050 adscripsimus,
765 2966 870 3033 dicens
898 2971 1047 3047 „alterum
1077 2970 1206 3037 Saturae
1234 2992 1343 3055 genus,

272 3074 325 3139 sed
346 3094 408 3139 non
429 3074 492 3139 sola
510 3074 680 3139 carminum
697 3075 844 3143 varietate
861 3079 993 3145 mixtum
1011 3079 1239 3145 condidisse
1252 3082 1343 3145 Var-

271 3192 413 3262 ronem,“
435 3191 466 3249 ct
489 3182 607 3250 Gellius
629 3185 666 3251 N.
688 3188 725 3249 A.
748 3184 767 3249 l.
787 3186 826 3262 11,
846 3208 871 3252 c.
894 3186 942 3254 18.
963 3210 1091 3255 curans
1113 3191 1285 3255 Varronem
1303 3190 1342 3254 in

270 3292 388 3359 Satruis
414 3315 481 3359 csse
509 3293 631 3359 libros
654 3294 793 3379 Menippi
821 3298 1024 3373 aemulatum
1056 3319 1120 3385 quo
1146 3298 1239 3363 modo
1253 3302 1342 3365 'me-

270 3398 372 3465 hercle
403 3421 560 3488 nunquam
596 3404 717 3467 locutus
749 3412 844 3481 esset,
884 3406 910 3472 si
931 3407 1162 3475 orationem
1197 3407 1342 3494 Menippi

270 3505 458 3574 consumam
495 3529 563 3577 esse
603 3510 690 3577 illum
727 3512 875 3579 denotare
916 3514 1071 3582 voluisset.
1138 3515 1343 3604 Quapropter

339 3742 384 3801 ¹³)
400 3742 473 3793 Geli.
482 3746 515 3793 N.
528 3747 562 3793 A.
578 3744 597 3795 l.
614 3747 650 3809 ll,
666 3760 692 3797 e.
704 3751 752 3800 18:
771 3752 856 3816 „Aut
872 3766 983 3818 qaoque
1000 3768 1058 3805 non
1071 3758 1162 3819 pauet
1178 3758 1259 3807 soret
1272 3755 1343 3818 fue-
1452 3793 1453 3814 i

268 3828 348 3891 rant,
360 3830 409 3891 qai
423 3829 492 3891 post
502 3828 672 3895 philosophi
684 3835 763 3885 clari
777 3838 960 3889 ecettterunt.
981 3839 1033 3891 Ec
1050 3840 1177 3904 pathus
1193 3842 1260 3890 tlte
1271 3840 1343 3892 Me-

268 3911 403 3974 ntppus
419 3910 507 3978 suit,
538 3914 643 3977 cujrcs
665 3917 780 3968 tidros
800 3920 840 3969 Μ.
862 3922 982 3973 Varro
1000 3927 1036 3973 tn
1054 3924 1199 3975 Satiris
1222 3938 1344 3977 acmu-

268 3995 461 4109 tctue‘cst,
493 4008 583 4061 quas
606 4001 676 4051 citt
701 4002 873 4071 cynicos,
903 4010 981 4071 ψει
1010 4010 1179 4071 appellat
1203 4007 1341 4070 Menip-

268 4092 361 4143 ρεαδ,
