2934 4750
438 1319 1011 1438 Pltlllllllll'ltls

162 1672 346 1754 Varronis
374 1677 566 1771 fragmenta
596 1701 661 1770 per
690 1681 825 1750 saecula
850 1680 952 1770 plura
980 1672 1039 1746 lta
1053 1675 1237 1769 jacnemut
1316 1722 1320 1730 ι

45 1841 50 1851 ‚
163 1795 256 1863 omni
281 1795 497 1886 corruptelae
521 1798 618 1868 faece
642 1798 866 1888 coinquinata,
888 1806 937 1883 nt,
960 1819 1065 1886 quum
1089 1795 1236 1888 intelligi

163 1913 242 1982 ratis
269 1935 337 1982 non
361 1923 513 2004 possent,
528 1938 645 1985 eorum
666 1939 745 1985 cunr
764 1916 878 1985 fructu
897 1938 977 1984 usus
1000 1914 1236 1982 indoctorum

164 2030 282 2099 studiis
307 2031 427 2121 aliquis
452 2033 510 2100 vix·
533 2042 632 2102 esset.
683 2035 804 2124 ltaque
828 2050 898 2102 non
919 2055 1058 2118 vereor,
1088 2055 1132 2100 ne
1156 2031 1238 2099 viris

165 2148 274 2217 doctis
300 2149 454 2218 laborem
478 2149 630 2220 inutilem
663 2159 698 2220 et
728 2173 1017 2242 supervacaneum
1047 2147 1239 2238 suscepisse

164 2265 284 2336 ridear
304 2289 408 2356 quum
433 2267 493 2334 illa
514 2267 707 2360 fragmenta
731 2270 915 2338 emendare
937 2279 972 2337 et
990 2268 1161 2336 illustrare
1174 2285 1238 2330 co-

165 2404 281 2467 narer3
302 2396 509 2473 quamquam
535 2408 604 2453 non
625 2408 699 2453 sum
719 2386 875 2474 ignarus,
900 2382 964 2450 lras
985 2382 1119 2448 criticas
1139 2402 1238 2447 curas

164 2501 199 2569 in
226 2502 395 2592 scriptore
423 2508 493 2567 tam
526 2498 680 2567 mutilato
709 2500 839 2587 positas
870 2499 1017 2589 iniquius
1039 2498 1146 2589 vulgo
1171 2497 1238 2565 lra-

165 2616 255 2685 bcri:
289 2616 317 2683 si
344 2614 485 2704 quidem
509 2615 640 2682 tructus
661 2616 777 2705 operis
799 2616 949 2705 suscepti
968 2614 1143 2684 laboribus
1168 2615 1240 2682 ullo

165 2732 273 2801 modo
298 2752 399 2821 pares
424 2752 493 2799 non
514 2732 691 2801 videantur
710 2732 791 2801 inde
817 2734 1018 2803 redundare.
1065 2732 1158 2801 Sane
1176 2754 1240 2800 ve-

166 2850 335 2918 rissimum
360 2848 453 2951 uiroc:
493 2872 605 2939 neque
632 2859 747 2919 tamen
777 2850 867 2919 hanc
894 2874 967 2920 csse
993 2874 1131 2919 causam
1153 2858 1240 2941 puto

167 2970 246 3038 satis
271 2968 442 3053 idoneam,
465 2976 512 3053 ut,
533 2967 593 3057 qui
614 2968 791 3039 doctrinae
808 2968 1016 3059 antiquariae
1038 2968 1162 3037 vexilla
1183 2990 1240 3035 ae-

168 3094 329 3176 quantur,
354 3094 578 3175 aspernentur
600 3084 687 3155 haec
712 3087 825 3156 studia
849 3096 885 3155 et
908 3096 1045 3177 tempus
1072 3095 1109 3155 et
1134 3085 1241 3152 otium

168 3204 232 3273 sibi
259 3204 408 3294 perdere
432 3204 468 3271 in
491 3204 532 3271 iis
560 3204 773 3273 arbitrentur.
823 3206 905 3273 darn
928 3204 957 3271 si
983 3204 1240 3293 quibuscunque

168 3323 343 3390 literarum
362 3319 620 3410 philologarum
637 3321 747 3389 cultm
762 3320 960 3411 diligentior
974 3320 1072 3387 cordi
1088 3328 1140 3387 eat
1156 3320 1242 3388 tueri

167 3439 256 3507 lraec
282 3433 394 3505 studia
416 3436 555 3521 debent,
582 3460 670 3527 quae
695 3447 848 3507 retemrn
872 3446 1167 3507 monumentorum
1188 3438 1243 3505 la-

169 3556 257 3625 eicm
288 3553 391 3623 sorde
424 3563 458 3622 et
490 3553 605 3623 illuvie
634 3555 815 3625 levandam
845 3555 1032 3645 suscipiunt
1062 3557 1243 3645 fontesque

169 3680 374 3766 repurgant,
407 3672 529 3763 quibus
557 3672 691 3767 jugiter
721 3674 819 3764 qnasi
846 3674 1032 3766 irrigantur
1068 3675 1244 3743 doctrinae

170 3790 379 3881 antiquariae
411 3792 540 3881 campi:
575 3801 702 3881 quanto
739 3792 850 3886 magis
885 3793 1150 3861 condonandum
1180 3790 1245 3860 erit

166 3907 296 3999 juveni,
311 3908 405 3977 nullo
421 3908 553 4001 ingenii
573 3918 675 4000 partu
697 3909 813 3978 adhuc
834 3910 953 3995 nobili,
969 3911 997 3978 si
1015 3911 1243 4001 disciplinanq

175 4029 227 4095 eui
254 4050 329 4097 sese
355 4024 500 4111 addus,
542 4029 834 4118 qualibuscunque
859 4028 926 4095 suis
955 4025 1244 4097 lucubrationibus

177 4147 221 4214 ab
251 4168 292 4216 ea
320 4144 532 4236 potissimum
562 4154 661 4235 parte
694 4168 822 4239 augere
845 4168 935 4215 nunc
960 4143 1144 4227 studuerit,
1178 4165 1245 4233 qua
