2934 4750
342 305 375 344 ar.
399 303 429 343 r.
453 300 609 346 arnamar·
633 293 767 346 saraam
789 301 967 345 semmam.
1150 283 1191 345 lll

125 469 190 534 leco
208 478 346 534 remeas
367 475 414 534 est
435 467 527 534 etiam
547 463 579 532 ln
595 461 831 552 Menippearam
853 462 992 554 reliquiis
1013 462 1190 534 emendan-

124 579 169 642 dis
195 585 228 643 et
253 575 450 643 illustrandis.
494 575 629 655 Quidam
651 575 709 641 loci
730 576 811 642 bene
831 577 968 642 adnotati
994 577 1192 665 reperiantur

125 687 215 752 etiam
246 687 278 750 in
306 686 532 752 Catalectcram
563 684 629 770 ejus
660 686 896 751 commentariis.
945 688 982 752 ln
1011 687 1191 754 universam

125 805 227 865 mmen
255 793 429 862 aestimanti
456 799 488 860 el
514 793 552 860 de
576 791 624 858 his
651 800 683 858 et
702 793 741 858 da
761 794 822 863 illis
843 795 906 861 los.
930 793 1074 882 scaligeri
1098 795 1192 862 Con·-

122 905 277 991 jectaneis,
299 913 381 971 reate
401 903 524 974 ridetur
543 902 712 990 judicatam
732 923 800 970 esse
817 902 856 972 ab
878 905 986 973 Odoin.
1005 902 1141 973 Mtlllerc
1159 898 1193 970 in

126 1013 256 1080 Praelat.
288 1015 325 1080 ad
351 1014 500 1080 Varronis
525 1013 563 1078 dc
590 1015 623 1078 L.
652 1015 686 1078 L.
711 1014 820 1094 libros,
862 1015 977 1081 scilicet
1001 1014 1098 1100 magis
1129 1033 1193 1079 ex*

126 1124 286 1193 saltavisse
316 1123 497 1210 pleramque
525 1124 716 1210 praeclaram
744 1125 801 1189 viri
829 1124 1004 1208 ingenium,
1034 1144 1129 1210 qaam
1156 1122 1195 1187 nd

127 1241 208 1300 recte
228 1234 454 1300 emendandum
479 1221 659 1319 scriptorem
682 1232 778 1296 aciem
800 1232 976 1297 intendisse.
1018 1231 1092 1311 Quo
1117 1231 1196 1316 qui-⁶

127 1343 195 1410 dam
214 1343 330 1430 judicio
350 1365 414 1408 nan
434 1343 573 1408 illalum
599 1335 657 1407 loci
679 1339 961 1427 comprehendendi
980 1348 1062 1418 stant,
1085 1339 1197 1425 quihus

128 1451 261 1538 Scaliger
288 1453 375 1518 libris
401 1452 439 1518 de
462 1453 495 1516 L.
522 1452 571 1526 L.‚
607 1451 661 1516 scd
687 1450 781 1515 ctiam
808 1446 844 1528 tl,
880 1450 992 1536 quibam
1020 1445 1198 1534 fragmentis

127 1563 261 1629 aliorum
282 1561 432 1626 Varronis
454 1578 583 1646 operam
601 1559 790 1626 illustrandis
812 1559 1049 1626 emendandisve
1072 1569 1198 1645 operam

128 1691 217 1736 suam
239 1667 367 1734 dicadt:
395 1687 494 1754 enque
516 1668 633 1754 polias,
659 1669 730 1754 quia
752 1668 784 1733 in
807 1667 854 1733 lais
875 1668 939 1734 sere
960 1668 1143 1754 plusquam
1164 1667 1197 1732 in

129 1778 190 1846 illis
216 1799 274 1843 saa
298 1773 423 1862 ingenie
451 1777 609 1862 indulgere
630 1778 723 1854 solet,
742 1796 853 1863 param
875 1778 1085 1855 considerans,
1107 1772 1196 1861 frag*-

124 1893 232 1952 menta
251 1885 434 1972 scriptoram
455 1893 537 1951 recte
554 1886 708 1971 corrigere
724 1903 791 1952 rem
809 1909 877 1953 esse
894 1887 1028 1953 maxime
1048 1887 1197 1953 lubricam

130 2005 162 2062 et
180 1995 318 2060 omnium
339 2014 436 2082 paene
453 1994 670 2060 difficillimam.
714 1996 809 2076 Quod
827 2017 936 2063 aarum
956 2017 1024 2062 esse
1045 1996 1120 2062 olim
1139 1995 1197 2060 in·-

131 2105 271 2190 tnlligens
294 2105 433 2184 Delrias,
455 2105 644 2191 conjeoaras
667 2125 754 2184 snas,
782 2107 896 2192 quibus
916 2107 1117 2192 'l'mgicorum
1138 2119 1197 2169 re·-

133 2215 235 2302 liquiis
271 2215 459 2290 caederetur,
501 2210 639 2279 modeste
675 2213 869 2304 opinationes
909 2216 1069 2280 nominare
1105 2233 1198 2296 quam

131 2324 362 2391 emendationes
387 2322 497 2388 maluit
513 2328 576 2400 Ν).
619 2319 680 2387 Sed
704 2323 908 2389 confidentius
936 2329 984 2387 est
1010 2320 1146 2405 Scaliger
1163 2323 1200 2385 at

132 2428 237 2499 maltis
259 2428 292 2497 in
313 2430 389 2507 aliis,
415 2432 457 2495 ita
483 2432 515 2494 in
541 2430 589 2493 his
611 2432 759 2495 Varronis
787 2431 862 2496 locis
890 2430 1032 2495 sanandis
1053 2436 1200 2505 versatus,

118 2545 175 2609 'ila
194 2542 388 2628 pleramque,
409 2547 454 2615 at,
477 2558 603 2603 scamas
621 2538 659 2603 de
679 2558 751 2603 vera
771 2539 923 2605 sententia
945 2538 1110 2626 scriptoris,
1127 2554 1201 2625 prae

131 2646 249 2739 ingenii
274 2646 454 2713 exsultantis
477 2646 599 2734 partita
625 2647 831 2736 quodcunque
855 2649 1026 2727 insolam,
1051 2654 1088 2713 ut
1108 2646 1202 2733 ajunt.

130 2758 314 2845 conjiceret,
339 2755 506 2821 dummodo
528 2756 641 2841 ingenii
664 2752 815 2827 mammo
834 2757 1073 2844 multiplicisque
1092 2756 1201 2821 eden·-

131 2870 210 2945 tine,
236 2887 296 2954 qua
318 2886 425 2931 revera
443 2864 612 2931 instructas
629 2874 709 2944 erat,
735 2868 890 2953 splendori
910 2885 945 2933 ac
962 2861 1082 2933 nomini
1102 2860 1201 2930 satir-

134 2977 256 3043 laceret
299 2974 393 3065 Cujus
413 2974 547 3061 perversi
565 2975 597 3039 in
617 2984 704 3045 tante
722 2977 780 3042 viri
799 2976 891 3044 studii
910 2977 984 3043 satis
1002 2974 1100 3044 multa
1120 2994 1201 3059 pas-

134 3094 209 3155 sant
239 3084 422 3151 documenta
449 3081 561 3151 afferri.
609 3084 669 3153 Sed
705 3106 788 3151 auae
817 3107 857 3154 aa
885 3083 1056 3169 longiorem
1084 3099 1202 3147 meram

135 3195 384 3279 interponamus,
405 3189 680 3259 suffiein‘lecteris
698 3189 848 3278 judiciam
871 3192 1023 3276 relegasse
1049 3184 1144 3253 meda
1165 3185 1204 3251 ad

133 3307 282 3393 centones
303 3302 388 3377 isles,
409 3322 487 3387 quos
508 3298 561 3364 ille
580 3316 619 3363 cx
636 3296 816 3368 Saturarum
831 3298 988 3366 versiculis
1009 3314 1204 3385 nequaquam

135 3412 219 3479 inter
248 3430 281 3473 se
313 3408 391 3495 aptis
422 3408 548 3473 mirifice
578 3407 803 3476 consarcinator
833 3407 963 3474 inseruit
988 3406 1151 3474 analectis
1175 3428 1204 3494 p

134 3520 201 3587 254
220 3540 267 3605 sq.
286 3522 352 3595 ³³):
373 3517 405 3583 in
423 3518 536 3605 quibus
554 3515 619 3583 lere
635 3518 739 3583 nescio
758 3539 799 3584 nn
816 3518 913 3603 magis
932 3515 1078 3605 Scaligeli
1096 3517 1204 3587 tene-

210 3740 254 3797 nJ
276 3734 389 3787 Delrias
414 3737 443 3785 in
465 3740 610 3803 syntagm.
634 3736 719 3804 trag.
744 3735 775 3789 P.
797 3740 824 3807 1,
838 3752 841 3758 ·
855 3754 883 3803 p.
908 3740 967 3791 161.
1001 3742 1096 3794 halet.
1113 3738 1205 3789 Paris.

138 3821 217 3872 102⁰.
237 3820 262 3869 l.
277 3846 312 3859 -
481 3818 485 3827 ’

212 3905 257 3963 ⁸⁸)
278 3904 382 3953 Paeana
399 3906 472 3967 qaod
493 3902 531 3954 iai
551 3906 692 3967 reperitur
711 3906 875 3971 inscriptam
894 3906 1002 3971 „Avls
1023 3899 1208 3955 Matrlcls“

140 3987 369 4039 consarcinatum
386 3992 483 4039 estex
501 3989 689 4051 conpluribus
708 3991 759 4042 frr.
775 3993 894 4043 saturae
913 3990 1053 4055 Vtrpalae
1065 3981 1208 4045 melma

139 4072 269 4132 alteram‚
289 4070 362 4133 qaod
379 4070 523 4132 inscripsit
534 4072 663 4137 Scellger
675 4073 801 4137 „Pnerl
819 4066 1010 4131 sarmenta
1029 4064 1210 4121 conclamavit
