2934 4750
517 996 724 1078 onl’u'i*
776 994 1084 1076 TERTIUM.

471 1126 511 1173 De
535 1123 646 1174 indiciis
668 1123 768 1186 quibus
788 1125 908 1174 Saturae
928 1122 1130 1186 agnoscantur.

272 1336 464 1428 Communis
486 1362 549 1428 iere
570 1363 848 1430 Grammaticorum
876 1363 961 1428 iocos
985 1381 1023 1426 οι
1043 1357 1192 1425 Varronis
1214 1353 1329 1420 Saturis

270 1471 429 1537 citantium
446 1471 522 1538 haec
541 1482 590 1539 est
606 1471 808 1549 consuetudo,
828 1478 865 1536 ut
886 1489 939 1535 eos
960 1467 1244 1538 exsaturasset
1265 1483 1330 1529 sese

270 1579 370 1646 dicere
389 1580 572 1667 plenamque
592 1581 821 1668 supersedeant,
839 1585 886 1644 sat
908 1579 1006 1664 egisse
1025 1575 1084 1642 sibi
1099 1574 1166 1652 visi,
1186 1573 1212 1640 si
1228 1572 1330 1638 libro·

270 1709 340 1754 mm
366 1689 514 1753 duntaxat
535 1689 749 1775 inscriptiones
775 1695 957 1754 memorent
994 1684 1097 1766 Quam
1119 1683 1244 1770 quidem
1268 1701 1331 1746 ne-

271 1795 447 1881 gligentiam
469 1796 552 1881 quod
573 1817 663 1882 aegre
684 1798 835 1864 ferremus
856 1816 1051 1883 nequaqnam
1072 1798 1167 1870 essct,
1194 1791 1221 1856 si
1241 1797 1331 1854 cata-

271 1904 360 1990 logus
388 1905 572 1991 scriptorum
597 1906 746 1972 Varronis
772 1905 865 1972 hodie
892 1905 1004 1993 aliquis
1029 1909 1174 1977 exstaret,
1208 1899 1242 1963 in
1270 1917 1333 1984 quo

272 2013 394 2079 iliarum
415 2013 553 2080 recensio
575 2015 671 2093 fleret,
692 2023 747 2080 aut
767 2015 891 2093 saitem,
912 2034 1008 2101 quum
1029 2021 1202 2098 temporum
1220 2007 1334 2094 injuria

271 2121 364 2186 talem
384 2121 473 2187 nobis
491 2121 601 2188 invidit
621 2129 667 2201 ¹),
692 2123 717 2188 si
739 2130 843 2189 tantis
860 2123 899 2190 de
915 2121 1064 2189 Varronis
1086 2117 1232 2206 operibus
1250 2114 1333 2181 reii-

272 2229 414 2316 quiarum
435 2251 582 2298 numcms
603 2240 759 2318 superstes
779 2240 875 2310 esset,
895 2239 932 2298 nt
952 2232 991 2298 de
1012 2229 1203 2316 singedorum
1225 2224 1335 2290 sinon

271 2338 390 2413 ratione
407 2347 489 2406 certo
506 2339 543 2407 de
560 2340 708 2420 oratione,
725 2340 824 2427 qualis
841 2339 935 2408 merit
953 2338 1106 2427 explorari
1122 2341 1234 2426 posset
1255 2333 1333 2401 Me-

271 2448 388 2515 ministi
406 2450 490 2515 enim
511 2470 590 2536 quae
611 2450 644 2514 in
663 2450 764 2535 primo
782 2447 874 2536 hujus
892 2447 1158 2515 commentationis
1176 2445 1277 2531 capite
1296 2442 1335 2509 de

272 2556 369 2623 mixto
397 2578 509 2642 genere
539 2558 686 2625 orationis
712 2557 928 2635 dissernimus,
956 2578 1019 2644 quo
1039 2558 1138 2623 Varro
1163 2555 1197 2619 in
1216 2552 1335 2620 Saturis

271 2685 347 2732 usus
366 2666 420 2763 sit:
440 2666 522 2732 undo
540 2688 622 2734 nunc
642 2674 737 2753 patet,
758 2687 822 2732 non
840 2666 955 2733 certius
975 2665 1103 2733 Saturae
1119 2664 1242 2749 signum
1260 2661 1336 2740 iore,

274 2792 366 2857 quum
387 2773 414 2839 si
434 2794 541 2840 versus
561 2775 694 2861 pedestri
716 2775 849 2841 orationi
870 2774 1039 2841 intermixti
1061 2774 1094 2838 in
1116 2772 1187 2839 iibri
1208 2771 1336 2858 alicujus

274 2878 413 2965 reliquiis
430 2878 707 2966 deprehendantur.
750 2882 810 2947 Sed
832 2903 870 2947 ec
889 2882 1018 2961 indicio,
1041 2891 1078 2948 ut
1099 2902 1181 2947 nunc
1206 2900 1257 2946 res
1280 2887 1336 2957 est,

345 3083 373 3145 ¹)
390 3081 555 3149 ceruorum
571 3085 738 3149 scriptorum
752 3088 890 3140 Varronis
906 3091 1043 3154 quondan
1060 3090 1222 3140 coniecerat
1237 3089 1341 3141 iiiero·

275 3181 385 3231 aymus.
408 3170 443 3219 V.
453 3168 567 3220 iiieron.
579 3171 629 3233 iip.
647 3171 682 3220 ed
695 3172 792 3223 Dextr.
804 3173 883 3233 (Vei.
899 3173 923 3239 1,
940 3186 967 3236 p.
984 3172 1045 3223 isi.
1064 3173 1107 3222 ed.
1125 3174 1261 3231 iis-asmo:
1282 3168 1341 3223 lici

275 3246 372 3319 ἐπειδὴ
392 3248 445 3303 cdv
468 3246 573 3318 ἔλεγχον
596 3249 654 3304 τῶν
675 3248 765 3305 αὐτοῦ
784 3260 847 3316 (sc.·
864 3256 1010 3321 origenis)
1032 3250 1231 3322 συνταγμάτων
1249 3247 1282 3305 ἐν
1299 3253 1341 3324 τῷ

274 3332 363 3402 τεύχει
378 3335 434 3389 τῶν
454 3331 622 3389 Ἐπιστολῶν
644 3336 700 3389 τῶν
722 3335 795 3405 πρὸς
815 3333 933 3390 Horitas
952 3329 1018 3405 παρ’
1036 3330 1116 3404 ἡμῶν
1131 3338 1292 3404 γραφεισῶν
1310 3334 1343 3389 ἐν

274 3420 326 3489 μιᾷ
344 3414 481 3487 ’ἐπιστολῇ
508 3418 661 3487 συγκρίνων
693 3423 755 3480 τοῖς
782 3414 932 3489 Βάόρωνος
963 3418 1053 3489 ἔργοις
1079 3417 1193 3474 τέθεικα
1214 3449 1249 3461 -
1271 3428 1341 3474 cett.

275 3503 331 3553 led
346 3502 538 3553 infelicissimo
557 3514 627 3554 casu
646 3505 829 3572 factumest,
852 3508 884 3557 nt
907 3518 942 3557 cs
961 3506 1124 3569 Hieronymi
1140 3504 1263 3569 epistola
1281 3521 1343 3558 ms·

275 3584 376 3635 ximsrn
388 3587 497 3648 portem
516 3584 652 3635 interiret.
688 3588 766 3647 Quae
783 3590 865 3640 hodie
884 3591 918 3641 do
936 3602 972 3641 es
991 3593 1118 3654 exstant,
1137 3601 1206 3639 ssne
1223 3590 1344 3653 pancis-
1463 3599 1464 3628 i

276 3667 347 3719 sima
361 3671 441 3719 sunt:
470 3670 530 3732 ,,Μ.
548 3668 706 3721 serendum
724 3672 880 3724 varronem
895 3672 1048 3725 sdnmtnr
1069 3673 1238 3739 sodomiae,
1265 3675 1343 3738 qnod

276 3751 349 3815 apud
364 3750 482 3802 Latinos
506 3776 540 3788 -
559 3751 719 3805 innumeros
740 3755 827 3807 iibros
851 3756 980 3821 scripsit,
1003 3782 1038 3795 -
1054 3782 1090 3795 -
1110 3756 1226 3820 scripsit
1246 3758 1343 3822 itaque

276 3834 369 3884 varro
386 3834 473 3886 isac:

482 3917 556 3969 xiii.
574 3918 662 3971 libros
679 3922 881 3984 Antiquituunr

505 4001 555 4052 iv.
572 4001 661 4055 libros
677 4005 711 4055 de
725 4004 793 4055 viis
808 4004 909 4068 Populi
922 4005 1061 4056 Rouani“

276 4080 395 4147 &liqna
414 4082 616 4137 desiderantur.
