2934 4750
326 291 517 336 aanuuunuu
542 289 772 335 maurannetus
795 291 979 348 tantoniam
1126 275 1183 335 lul

120 462 210 513 vande
226 464 285 523 eutr
304 471 357 511 uec
375 463 476 512 desunt
492 460 618 522 exempla
633 456 838 524 adjectivorum
854 459 1007 512 verbalium
1026 463 1061 512 ab
1079 462 1188 515 intrau-

120 545 211 596 sltivis
229 544 418 597 derivatorum
436 548 464 594 et
483 543 512 593 in
530 543 613 594 abilis
629 543 827 608 detinentium,
847 548 879 596 ut
894 544 1005 596 stabilia
1022 545 1186 609 (instabilia,

119 629 327 694 praestabilis),
346 628 558 692 discordabilis,
578 623 728 693 durabilis,
749 627 885 678 sonabilis
903 629 1116 694 (resonabilis),
1135 629 1188 682 lla·

120 715 200 780 bilis,
226 713 406 765 inclinabilis.
442 710 573 762 Ceterum
590 710 653 762 libri
671 723 739 761 mss.
760 712 901 773 inpriore
920 726 1004 766 versu
1023 716 1189 766 constanter

119 801 253 861 praebent
268 797 364 849 velud.
380 807 504 847 currens
521 797 550 844 et
567 793 596 846 in
613 795 742 858 sequenti
760 807 848 847 versu
865 797 985 863 mulcti,
1020 811 1123 864 quare,
1156 803 1189 850 ut

119 883 170 934 tibi
189 885 325 933 constans
341 883 456 932 metrum
474 883 614 945 servetur,
633 879 810 931 scribendum
827 880 882 930 erit
897 882 946 932 aut
962 892 1086 934 currem
1103 886 1190 936 vola-

120 967 175 1018 bile
193 967 255 1028 (vel
270 964 439 1031 potabilem)
458 991 491 1001 -
506 965 622 1028 traicit,
638 965 688 1014 aut
704 963 861 1014 volubilem
878 976 1002 1015 currens
1017 991 1051 1002 —
1067 968 1192 1032 mujeclt

120 1051 176 1110 (sic
195 1063 251 1114 mg.
266 1050 332 1099 lun.
354 1049 568 1107 einamma).
608 1049 667 1097 Nes
689 1046 758 1096 illud
780 1047 972 1109 praetulimus.
1012 1050 1054 1098 De
1077 1052 1190 1115 tragula

119 1149 145 1184 v.
166 1133 352 1184 Fert-Pauli.
376 1146 399 1182 s.
420 1147 463 1203 a,
492 1132 585 1195 ubique
608 1131 704 1182 Muell.
740 1128 784 1180 dt.
804 1130 881 1180 suid.
904 1147 931 1182 v.
954 1124 1075 1189 Κόττας.
1110 1135 1188 1196 Lips.

119 1217 244 1269 Polione.
263 1218 315 1282 lv,
333 1216 360 1266 t.
394 1217 480 1268 Turn.
500 1217 571 1267 adr.
589 1216 657 1281 vll,
676 1215 718 1266 12.
755 1216 797 1265 lle
812 1226 898 1277 sparo
917 1229 944 1262 v.
960 1214 1145 1267 licat-Pauli.
1166 1231 1191 1268 s.

120 1317 147 1352 v.
182 1304 263 1372 Sero.
287 1302 321 1352 ad
346 1299 426 1363 virg.
451 1303 521 1350 Aen.
542 1300 596 1364 111,
621 1300 681 1350 dei.
716 1301 874 1362 Dempster.
896 1298 1017 1362 Paralip.
1039 1300 1074 1350 ad
1092 1301 1191 1352 llosln.

120 1386 231 1449 Antiqu.
250 1387 332 1437 Rom.
348 1385 390 1449 x,
420 1383 463 1433 lu.
499 1383 610 1434 Missile
629 1383 719 1434 sitisse
738 1385 823 1440 decet
839 1382 939 1434 Aemil.
956 1384 1040 1434 Prob.
1058 1386 1126 1450 XV,
1150 1387 1190 1437 ia:

119 1470 356 1534 „Epaminondam
378 1468 533 1520 fortissime
555 1469 739 1532 pugnantem,
775 1479 884 1529 sparo
903 1468 1011 1519 eminus
1027 1481 1192 1531 percussum

120 1553 272 1605 concidere
290 1551 449 1602 viderunt“.

190 1638 215 1687 8.
251 1639 303 1699 Ap.
321 1639 391 1685 Non.
409 1651 436 1699 p.
454 1635 519 1701 888,
538 1637 579 1685 db.
597 1651 621 1684 v.
639 1634 709 1698 (lapi
726 1664 760 1674 -
777 1640 924 1700 (capere),
942 1648 1099 1703 occupare,
1120 1639 1194 1690 deti·

120 1734 201 1773 nere.

190 1806 234 1856 18.
270 1807 321 1866 Ap.
338 1805 409 1854 Non.
425 1817 452 1866 p.
471 1803 537 1868 25³,
565 1805 590 1853 3.
608 1819 634 1853 v.
651 1803 768 1867 Gapi-
785 1808 917 1866 (capere)
934 1809 978 1855 est
1000 1806 1117 1872 tollere,
1149 1810 1192 1857 te·

122 1903 206 1954 uere3
226 1892 297 1951 etp.
317 1888 382 1954 381,
402 1889 427 1938 8.
448 1902 474 1938 v.
490 1887 642 1956 Recipere,
661 1889 803 1952 accipere.

190 1973 232 2023 11.
267 1976 319 2035 Ap.
336 1975 407 2025 Non.
426 1986 452 2035 p.
474 1972 522 2038 18,
545 1973 571 2023 8.
594 1987 622 2023 v.
645 1973 823 2025 silicernium
838 1977 885 2024 est
901 1975 1014 2038 proprie
1033 1975 1191 2026 convivium
1237 2035 1244 2051 κ

120 2058 252 2123 funebre,
279 2058 352 2121 anod
376 2056 491 2108 senibus
514 2057 668 2109 exhibetur.
691 2085 725 2095 -
749 2059 930 2122 exseramus
949 2059 1036 2109 laude
1057 2062 1145 2109 Mero.
1164 2061 1194 2108 et

122 2142 166 2192 ed.
184 2141 292 2192 noviss.
327 2143 491 2206 eccequtatt
511 2139 878 2204 ed.1ott.,Jnn.,1eea.,
898 2140 1055 2204 1888881.,
1080 2143 1194 2202 Popma.

122 2227 202 2277 tuate
219 2223 258 2288 cj.
276 2224 371 2288 Ilipa,
398 2224 516 2286 Popma,
545 2225 666 2274 Freutud.
691 2223 794 2272 inlex.
818 2237 841 2271 s.
861 2237 888 2270 v.
905 2223 1074 2284 Exsequior.
1094 2249 1127 2259 -
1151 2221 1194 2272 cl,

122 2323 210 2373 supra
227 2308 357 2359 Bimarc.
375 2307 409 2356 fr.
430 2305 472 2356 84.

585 2444 737 2453 -——-—.-.-..-

531 2564 605 2613 mvl.
629 2564 788 2613 atomus.

194 2676 290 2734 „Totus
306 2673 346 2718 bic
363 2672 425 2718 liber
448 2671 567 2719 varronis
581 2672 606 2717 iu
628 2673 813 2728 comparatione
834 2671 901 2717 vitae
924 2671 1028 2727 frugalis
1047 2683 1103 2718 cum
1120 2675 1196 2718 luxu·

124 2745 195 2791 riusa
212 2748 235 2787 et
249 2736 381 2787 delicata“.
403 2742 507 2785 Mercer.
525 2742 556 2785 ed
572 2738 749 2795 1181818618.
785 2742 856 2799 „linc
871 2751 1004 2787 mensurae
1021 2752 1102 2797 genua
1116 2743 1196 2788 Varro

124 2810 255 2865 inscripsit
274 2813 387 2866 saturae,
406 2818 479 2862 uuam
495 2807 553 2853 18811
568 2808 594 2855 in
610 2819 748 2867 ganeones,
766 2814 791 2853 ut
809 2810 950 2862 symbolum
968 2814 992 2854 et
1009 2809 1125 2855 indicium
1142 2820 1196 2856 mo-

125 2876 262 2924 derationis
288 2874 335 2932 (ei.
362 2886 439 2931 supra
459 2871 551 2939 Longe
572 2872 657 2941 Fugit
678 2870 730 2935 Qui
748 2872 777 2921 S.
796 2872 827 2922 F.
852 2875 882 2922 fr.
901 2874 939 2922 2:
968 2887 1083 2936 „aequus
1099 2881 1142 2924 vel
1164 2878 1196 2924 ad

127 2946 267 2991 aedilicium
285 2942 439 3001 modium“J;
464 2944 527 2991 sicut
544 2944 662 2999 Aegyptii
678 2944 806 3000 serapidis
824 2945 958 2991 simulacro
977 2946 1147 3005 imponebant,
1171 2952 1197 2992 ut

126 3014 257 3072 indicaret,
280 3023 400 3059 mensura
417 3007 538 3067 modoque
558 3013 640 3059 omnia
654 3012 788 3070 contineri,
807 3020 909 3058 auctore
927 3013 1023 3060 Rufino
1041 3014 1197 3069 Aquileiensi

128 3082 204 3138 (illst.
221 3083 321 3129 ltcelee.
342 3083 379 3139 11,
395 3077 479 3135 23.)“.
508 3082 610 3135 Pupma.
638 3102 673 3113 --
695 3082 734 3125 118
753 3081 828 3125 modii
850 3083 956 3126 Romani
972 3092 1090 3128 mensura
1109 3085 1197 3126 lucent.

127 3150 152 3197 ln
169 3150 237 3197 uosll
254 3150 396 3206 agrimens.
414 3159 438 3201 p.
455 3144 513 3193 324.
531 3152 596 3194 naec
614 3148 683 3193 diclt:
708 3151 771 3205 „list
789 3147 855 3191 enlm
872 3149 983 3205 modius,
1002 3152 1027 3191 ul
1045 3148 1198 3201 praedictum

128 3223 180 3277 est,
195 3220 269 3273 Juxta
294 3217 415 3271 quosdam
432 3214 598 3261 sextariorum
616 3216 683 3271 livi,
705 3214 781 3266 Juxta
798 3215 918 3266 quasdem
935 3220 1017 3259 autem
1035 3216 1079 3258 xx
1096 3218 1119 3257 et
1137 3214 1199 3257 duo-

127 3296 194 3331 rum:
224 3285 292 3339 apud
318 3284 441 3336 quosdam
462 3292 523 3326 vero
547 3283 632 3326 xxiv.
666 3280 744 3325 Nobis
764 3290 825 3323 vero
844 3280 941 3324 videtur
965 3278 1146 3338 rectissimum,
1173 3284 1201 3325 ut

128 3354 198 3398 trium
217 3352 335 3396 librarum
358 3348 469 3411 sextario
492 3346 571 3391 vicies
595 3353 620 3391 et
643 3340 729 3399 euetcr
752 3345 914 3400 multiplicato
939 3346 1037 3391 modius
1060 3346 1198 3407 impleatur,

130 3420 169 3474 uui
186 3417 285 3464 modius
304 3414 378 3461 medii
395 3414 481 3459 talenti
497 3416 606 3468 pandere
623 3419 776 3467 coaequatur
791 3415 870 3471 Lxx,
893 3415 958 3467 quod
981 3414 1077 3462 duobus
1097 3414 1200 3461 elicitur

129 3488 205 3533 libris.
242 3485 302 3531 Sive
321 3489 345 3528 ul
360 3482 467 3536 qunque
485 3482 561 3527 libras
578 3483 674 3529 habene
693 3481 828 3539 sextarius,
846 3482 960 3527 simililer
974 3478 1053 3529 vicies
1071 3489 1096 3528 et
1114 3490 1200 3538 enatet

131 3556 227 3612 ductus,
244 3551 346 3599 maxirni
367 3549 452 3595 talenti
469 3548 493 3594 ld
510 3554 550 3596 est
568 3551 630 3597 CXX
646 3550 762 3595 librarum
777 3550 888 3606 pondere
903 3555 1068 3597 mensuretur.
1102 3554 1200 3601 Medius

131 3628 154 3667 et
170 3622 247 3668 semis
264 3629 350 3667 urnam
368 3612 487 3663 iaciuut“.

154 3737 181 3799 1.
213 3739 264 3801 Au
291 3733 353 3819 qui
373 3731 471 3817 gradu
496 3730 610 3795 tolutili
638 3738 686 3809 te,
719 3732 838 3797 melius·
857 3752 950 3817 quam
976 3741 1044 3798 tute
1069 3735 1201 3802 molliter
1285 3770 1288 3775 ·

215 3849 333 3920 vectus,
357 3842 419 3906 cito
442 3839 622 3924 relinquat?

153 3952 182 4017 1.
216 3950 333 4017 Omnes
354 3948 495 4017 videmur
515 3949 604 4015 nobis
624 3970 690 4015 esse
713 3948 802 4025 belli,
826 3948 941 4028 festivi,
964 3950 1202 4036 superductum

216 4060 312 4125 simus
338 4075 449 4141 σαπροί.

1005 4147 1047 4211 11
