2934 4750
275 285 338 347 llo
617 305 649 344 ιι.
672 298 825 344 1111111111
848 297 1008 343 rensuum

275 473 344 525 (iod.
362 471 483 535 iurgio,
503 482 644 535 copouum
663 471 725 520 luto
745 469 801 518 oti.
816 466 853 533 ej.
870 469 995 518 Gronov.
1014 469 1132 520 observ.
1149 471 1198 533 lv,
1217 473 1254 534 1.,
1271 474 1343 532 qnod

177 549 180 552 ’
274 570 331 609 nnn
348 555 486 618 displicet.
521 557 625 606 Beuum
642 555 789 604 Turnebus
807 554 827 602 l.
846 553 867 603 l.
888 552 1090 615 interpretatur
1113 567 1186 619 ,‚vus
1208 555 1343 606 vinarium

273 643 402 706 longum,
427 640 566 704 turgidum
585 643 614 689 et
631 639 763 701 amplum,
784 639 821 688 ud
837 640 932 688 Bovue
950 638 1090 700 serpentis
1106 638 1342 690 similitudinem

273 728 328 777 Sed
343 737 444 776 sermo
467 725 592 774 fortusse
611 726 657 773 est
680 724 714 772 de
736 723 890 784 impostore
911 723 1126 785 pharmacopola
1145 723 1191 773 vei
1210 725 1342 774 mulome-

273 810 351 872 dico,
379 809 540 874 quinorum
560 807 812 871 (v.1³lln.xxlv‚
837 807 863 855 8.
888 810 916 856 ei
939 807 1047 873 XXVl,
1075 808 1117 857 11.
1153 807 1196 858 cl.
1215 809 1296 859 Fest.
1316 825 1340 860 v.

272 897 372 954 Tama)
396 907 497 946 currere
518 893 662 958 pollicitus
681 890 866 942 fraudulentis
887 887 1017 942 artificiis
1037 905 1107 942 usus
1131 898 1201 943 erut.
1223 920 1260 930 -
1284 897 1340 946 tum

270 982 348 1045 porc.
366 980 454 1031 codd.
491 991 554 1030 cum
571 981 649 1043 pori.
665 975 703 1042 cj.
721 977 848 1026 Gronov.
865 979 894 1025 ct
910 977 993 1026 liotlr.
1028 988 1145 1028 uerrunt
1160 979 1239 1029 decc
1254 978 1339 1028 Codri.

272 1065 343 1125 cuin
358 1077 486 1130 „serram
503 1061 627 1113 ducere“
646 1057 797 1125 significet,
816 1060 939 1122 explicui
954 1061 1084 1110 Schneid.
1103 1063 1138 1110 ud
1155 1063 1239 1112 verr.
1258 1064 1290 1112 ll.
1307 1065 1338 1112 ll.

271 1150 320 1214 111,
332 1152 358 1214 l,
372 1149 406 1212 1.,
422 1149 468 1200 ubi
484 1147 608 1210 scriptor
619 1147 715 1196 eedem
732 1145 876 1198 locutione
887 1144 983 1195 utitur.
1019 1147 1071 1195 list
1083 1145 1153 1194 enim
1167 1159 1276 1196 serrum
1289 1149 1338 1198 du-

271 1247 336 1284 cere
349 1232 483 1283 altercari
495 1230 678 1294 pertinaciter
690 1233 719 1280 et
733 1243 795 1280 cum
809 1229 938 1291 strepitu.
969 1229 1100 1280 Similiter
1109 1232 1227 1281 'lentuli
1238 1233 1272 1281 de
1284 1231 1338 1282 Go-

271 1331 342 1368 rona
359 1317 417 1366 llil.
431 1317 473 1366 i:
492 1315 651 1382 „Quamdiu
665 1328 716 1377 per
731 1316 802 1363 lunc
818 1314 921 1364 lineum
937 1326 1044 1364 serrum
1061 1310 1336 1378 reciprocabimusi“

272 1401 315 1454 Gi.
334 1403 413 1452 Fest.
431 1417 457 1464 p.
476 1401 536 1451 944.
551 1401 661 1451 illusit:
680 1401 788 1465 „Serra
801 1399 936 1461 proeliari
953 1399 1142 1464 11101411,οη-
1159 1400 1274 1450 nunno
1290 1413 1337 1450 ue·

271 1488 379 1538 ceditur
395 1486 593 1550 recediturque
609 1497 700 1548 neque
716 1485 775 1533 ulio
795 1483 962 1533 consistitur
977 1483 1133 1546 tempore‘t
1168 1486 1287 1535 Ι1011011.
1304 1486 1335 1533 de

269 1572 365 1623 Pudic.
383 1573 423 1621 2.:
444 1572 520 1637 „sed
538 1583 593 1620 non
609 1571 694 1628 ,decet
710 1569 786 1617 ultra
802 1569 835 1617 de
852 1567 1022 1617 cinctoriiute
1041 1568 1241 1630 scripturarum
1258 1565 1336 1633 ejus-

269 1656 342 1705 modi
367 1656 458 1706 11111οω
481 1653 686 1705 contentiosum
712 1653 823 1702 alterno
845 1652 930 1702 ductu
955 1652 984 1702 in
1009 1652 1123 1702 diverse
1147 1652 1333 1704 distendere“.

160 1805 162 1810 Δ
269 1739 373 1788 runem
391 1737 582 1788 contentionis
595 1736 670 1786 idem
687 1735 758 1786 dixit
775 1739 876 1786 contro
891 1736 1027 1786 Murciae.
1042 1737 1091 1802 lv,
1108 1735 1134 1786 4.

337 1824 363 1871 t.
398 1824 450 1884 Ap.
467 1824 541 1871 Non.
554 1834 580 1883 p.
599 1819 643 1885 99,
663 1821 703 1870 14.
722 1837 748 1869 ι.
765 1823 900 1883 licpsere.
916 1847 950 1858 -
968 1823 1074 1871 ilolere
1090 1825 1118 1872 ci
1136 1824 1255 1885 dcpscn
1271 1825 1335 1872 suri

270 1906 411 1954 obscenae
438 1901 655 1969 significationis
680 1906 828 1955 vocabule.
863 1908 961 1956 lieret.
980 1908 1067 1959 serm.
1091 1907 1117 1969 1,
1141 1907 1172 1970 2,
1195 1904 1239 1956 94.
1274 1906 1333 1955 ilic.

268 1987 358 2050 Epist.
376 1988 401 2036 9.
421 1989 464 2038 99.
483 1990 518 2040 ud
537 1989 616 2038 Paci.
653 1986 695 2038 (ii.
713 1989 820 2053 scalig.
838 1991 873 2039 ud
890 1991 974 2040 Varr.
993 1992 1026 2041 L.
1044 1993 1078 2042 1..
1095 2005 1122 2053 p.
1140 1990 1182 2041 99.
1200 1991 1274 2051 (97.)
1291 1991 1334 2039 ed.

267 2071 376 2134 illpont.
611 2129 616 2136 ,

337 2157 362 2206 u
397 2158 450 2218 Ap.
467 2159 540 2208 Nln.
558 2171 586 2219 p.
601 2157 660 2220 eeu,
679 2157 766 2206 491.
785 2156 888 2207 Dicere
900 2184 939 2198 —
957 2157 1042 2208 etium
1059 2156 1226 2220 promittere.
1246 2185 1282 2194 —-
1300 2159 1334 2208 lu

266 2242 300 2292 iu
316 2243 399 2308 uiroc
420 2240 507 2293 codd.
544 2241 579 2292 Iu
594 2243 627 2292 id
641 2241 730 2292 intell.
751 2241 871 2292 ducitur.
906 2242 940 2292 Iu
958 2243 992 2292 id
1001 2241 1111 2310 jurpo,
1134 2243 1186 2292 (ios
1203 2239 1243 2307 cj.
1261 2244 1334 2305 Pop-

266 2339 325 2392 mu,
352 2327 398 2389 qui
416 2325 552 2389 explicui:
589 2329 676 2390 „lium
695 2327 806 2377 obrem
824 2325 906 2391 virgo
925 2326 1049 2393 dulcitur,
1071 2332 1118 2393 ut,
1141 2329 1288 2390 postquem
1304 2327 1333 2378 in

266 2410 321 2462 viri
338 2424 435 2462 manuus
452 2411 542 2475 venii,
572 2411 733 2463 insimulata
751 2408 851 2474 flagitii
870 2414 919 2461 aui
935 2410 1058 2461 criminis
1077 2409 1199 2477 alicujus
1216 2415 1267 2462 dos
1284 2414 1333 2463 illu

266 2494 442 2547 unieratuff‘.
459 2522 492 2533 -
513 2495 584 2547 milii
599 2496 789 2560 posteaquam
804 2497 845 2546 ud
862 2506 941 2545 ccicc.
961 2495 1047 2546 codd.
1083 2497 1248 2547 sententiae
1264 2510 1333 2559 upo-

264 2578 344 2629 dusis
363 2583 407 2629 cst
425 2580 531 2631 emisse
546 2593 564 2631 a
578 2580 687 2645 Nonio,
706 2580 780 2643 quod
798 2579 912 2641 saepius
931 2580 999 2630 iecit
1012 2580 1041 2630 in
1058 2581 1246 2643 excerpendis
1261 2581 1333 2631 scri-

264 2666 373 2725 ptorum
387 2663 471 2714 locis.

333 2748 359 2797 7.
393 2751 444 2809 Ap.
461 2748 533 2797 Non.
547 2763 574 2811 p.
591 2749 651 2812 999,
669 2749 711 2797 99.
731 2763 758 2798 v.
777 2748 904 2810 spissum
923 2745 1065 2811 significet
1083 2750 1172 2799 tunde.
1191 2776 1226 2787 —
1242 2752 1332 2812 pesit-

264 2832 355 2881 renuo
372 2834 490 2883 ucetica
509 2845 554 2883 uc.
571 2834 614 2881 ed.
633 2832 759 2897 noviss,
792 2832 918 2896 reliquiae
935 2834 997 2882 edd.
1013 2834 1149 2895 praebent
1162 2834 1333 2897 pestilentie

264 2914 379 2963 lectica
397 2926 442 2964 uc.
462 2917 541 2977 prob.
560 2916 651 2979 lieri,
685 2918 739 2965 sed»
758 2930 851 2967 verum
872 2917 1024 2967 lectionem
1047 2917 1175 2968 urserit
1190 2918 1330 2968 linurenli·

262 2997 361 3061 pestil-
376 2999 429 3047 uui
444 2997 517 3049 lieet.
539 3010 584 3048 uc.

395 3302 454 3351 LX.
489 3300 616 3353 ullscls
642 3301 726 3363 utili)
753 3304 895 3354 VESPER
920 3305 1032 3355 SERUS
1059 3306 1194 3355 VEHA'I'.

328 3412 455 3467 „romnus
471 3421 605 3466 vesperum
620 3420 710 3465 magne
726 3422 788 3457 curu
802 3416 937 3460 observent
954 3413 1088 3469 agricolus,
1104 3418 1131 3457 ut
1147 3424 1181 3458 ex
1195 3425 1226 3458 eo
1241 3420 1329 3458 vento-

259 3485 321 3531 rum,
337 3476 487 3536 serenitatis,
504 3478 579 3523 nuuiii
595 3477 669 3532 signe
684 3479 810 3533 colligunt.
843 3482 881 3525 Ad
899 3482 965 3535 quod
980 3481 1092 3535 respexit
1104 3480 1222 3535 Virgilius
1238 3484 1328 3535 Georg.

259 3538 296 3598 [1,
319 3552 343 3585 ι’.
363 3539 440 3597 4611:
473 3545 602 3601 „lienique
626 3546 683 3599 uuio
702 3558 797 3601 vesper
818 3558 892 3593 serus
915 3552 1004 3607 1011111,
1028 3550 1092 3594 unde
1109 3559 1215 3594 serenas
1234 3550 1328 3594 Ventus

259 3612 316 3661 ugni
333 3611 421 3667 nubes,
440 3611 496 3663 uuid
513 3612 604 3665 cogitet
619 3611 867 3659 110111110114001011ιι
890 3616 953 3661 ilinc
970 3617 995 3661 in
1012 3616 1168 3671 proveruium
1188 3616 1247 3661 uniit
1264 3618 1328 3661 liuec

258 3676 382 3721 sententie
398 3678 488 3724 Nescis
507 3678 570 3732 Quid
585 3681 683 3736 Vesper
700 3684 778 3727 serus
798 3683 889 3739 vellen
908 3695 974 3738 oues
991 3696 1039 3730 nos
1057 3686 1185 3742 udinonei,
1202 3695 1235 3729 ne
1253 3693 1329 3738 prue-

257 3743 364 3791 eeuiium
380 3754 462 3790 rerum
479 3758 603 3795 successu
621 3753 712 3794 temere
725 3748 918 3809 insolescamus,
933 3764 990 3799 cum
1004 3752 1085 3798 nescii
1099 3758 1122 3797 et
1136 3751 1223 3797 incerti
1239 3751 1329 3808 simus,

257 3814 379 3865 quomodo
398 3812 481 3869 „diem
498 3817 585 3862 meuse
603 3821 734 3871 componet
751 3826 845 3871 vesper
858 3817 991 3875 olympo‘t
1025 3820 1114 3866 Livius
1128 3818 1213 3876 [XLV.
1231 3818 1260 3878 8,
1275 3818 1328 3874 iil:

257 3880 300 3936 „ln
327 3882 445 3927 secundis
467 3885 542 3930 rebus
565 3884 624 3931 ninii
648 3883 673 3929 in
698 3894 845 3937 quemquem
866 3891 974 3942 superne
998 3900 1029 3933 ac
1051 3889 1173 3933 violenter
1193 3889 1330 3932 consulere

256 3948 339 4004 decet,
359 3960 405 3994 uec
424 3952 549 4005 praesenti
567 3953 669 3997 credere
687 3949 813 4010 lurtunne,
833 3966 903 4011 cum,
922 3956 979 4011 uuld
998 3951 1187 4012 resperserat,
1206 3958 1330 4000 incertum

255 4013 314 4061 sit.“
349 4019 418 4072 Quod
440 4022 518 4066 lieren
542 4020 681 4065 inscribens
705 4018 859 4073 lepidissimo
882 4023 945 4068 liliro
968 4024 1117 4082 salicetum,
1143 4022 1198 4081 (sic
1221 4023 1289 4068 enirn
1312 4032 1332 4068 a

255 4085 335 4133 (tellio
350 4087 437 4133 meruit
451 4087 578 4146 leuderi),
596 4086 621 4133 iu
640 4096 688 4141 uuo
708 4086 806 4135 disserit
824 4090 855 4137 de
870 4096 929 4146 epto
948 4103 1052 4139 numero
1070 4092 1236 4141 conviverem
1254 4098 1279 4137 ei
1296 4093 1331 4137 de
