2934 4750
303 327 308 344 ν
431 323 471 364 nn
494 319 623 366 atrurn
645 319 776 365 ursrrrr
800 320 892 368 eurr.
1156 305 1200 367 lb

126 489 282 556 recondita
298 494 391 574 atque
414 487 576 574 multiplici
598 487 725 553 scientia
749 489 849 574 plenia
870 441 932 554 tem
958 489 1080 574 egregie
1099 490 1198 556 tuitus
1254 531 1268 550 .

126 607 181 665 est.
215 601 357 685 Namque
378 597 547 663 maturiore
564 604 663 662 aetate
681 598 854 663 aVarrone
866 597 994 664 Satvrras
1010 599 1199 685 conscriptas

125 731 194 774 esse
219 716 302 776 recte
325 708 451 794 quidem
478 706 669 792 collegerunt
696 707 754 774 viri
776 706 859 772 docti
884 729 924 773 cx
951 707 1019 772 loco
1040 707 1199 775 Ciceronis

124 819 218 884 Acad.
241 819 259 883 l.
282 819 311 896 Ι,
337 839 362 882 e.
378 818 414 895 2,
441 817 495 882 ubl
514 818 614 882 Varro
635 816 702 882 illas
724 825 846 894 „vetera
868 825 944 883 sua“
964 818 1031 902 ipse
1056 820 1199 905 appellat

125 929 334 1014 Quamquam,
355 927 380 991 si
405 926 479 1012 quid
502 947 552 992 me
569 927 706 1013 judicare
724 935 859 1013 parcet,
879 927 911 990 in
930 947 968 991 eo
987 948 1096 1013 parum
1115 937 1199 995 reete

124 1046 315 1115 statuerunt,
350 1037 435 1123 quod
473 1037 511 1101 ab
546 1037 740 1102 adolescente
774 1057 813 1100 eo
846 1037 974 1121 scriptas
990 1059 1072 1102 *esse
1102 1039 1199 1104 dixe—

124 1156 199 1213 runt
223 1153 285 1225 ¹⁰).
334 1146 567 1212 Adolescentiae
602 1147 686 1211 enim
719 1145 870 1211 Varronis
900 1145 977 1209 fines
1006 1147 1127 1211 etiamsi
1161 1149 1199 1213 ad

124 1257 393 1343 quadragesimum
416 1278 516 1342 usque
538 1276 653 1322 annum
672 1273 856 1341 promovere
877 1251 1017 1331 volimus,
1035 1276 1200 1340 quaecun-

124 1388 188 1453 que
210 1375 293 1432 certe
318 1367 350 1431 in
372 1366 446 1451 ipsis
467 1365 647 1432 Saturarum
669 1363 810 1449 reliquiis
831 1363 940 1427 aetatis
964 1362 1076 1428 indicia
1102 1384 1201 1449 repa·-

127 1477 266 1550 riuntur,
301 1496 410 1540 eorum
440 1482 544 1538 tamen
579 1495 618 1538 ne
649 1494 714 1538 uno
745 1471 871 1558 quidem
899 1471 1100 1538 confirmatur
1125 1473 1201 1539 illud

127 1587 262 1672 spatium
285 1582 507 1666 adsignandum
530 1583 631 1652 [uisse.
676 1581 736 1646 Sed
756 1581 795 1646 de
817 1581 866 1646 bis
885 1582 960 1667 ipsis
979 1581 1100 1647 indiciis
1119 1603 1201 1649 nunc

124 1695 253 1780 plenius
273 1692 435 1758 dicendum
455 1699 510 1756 est.

214 1805 300 1866 Inter
319 1802 443 1868 Saturus
465 1802 542 1868 inira
563 1801 704 1888 sequenti
726 1802 826 1887 capite
846 1823 864 1866 a
884 1803 973 1869 nobis
997 1801 1200 1869 recensendas

127 1912 387 1999 deprehendimus
413 1925 641 1997 Τρικάρανον
663 1911 818 1997 quandam
843 1921 1043 1978 memoratam
1064 1913 1103 1977 ab
1124 1917 1200 1999 Ap-

127 2023 220 2108 piano
230 2022 304 2086 bell.
316 2021 380 2089 Civ.
394 2023 411 2086 l.
424 2023 462 2100 Η,
474 2043 498 2086 c.
512 2021 549 2086 9:
560 2033 637 2103 „Kal
650 2041 722 2105 τρεῖς
739 2036 798 2090 ome
811 2028 867 2100 (se.
875 2023 1051 2110 Pompeius,
1061 2021 1199 2097 Crassus,

129 2132 255 2209 Caesar)
275 2145 326 2207 ule
344 2147 438 2216 χρείας
453 2142 580 2214 ἀλλήλοις
599 2141 792 2212 συνηράνιζον.
821 2148 881 2199 Καί
896 2165 949 2207 τις
966 2144 1084 2200 αὐτῶν
1100 2143 1202 2212 τήνδε

130 2236 378 2308 συμφροσύνην
396 2233 620 2308 συγγραφεύς
635 2233 776 2304 Βάρρων
795 2235 848 2288 ἑνὶ
864 2238 987 2307 βιβλίῳ
1002 2234 1202 2306 περιλαβών

128 2345 307 2415 ἐπέγραψε
329 2341 578 2413 Τρικάρανον.“
623 2328 726 2407 Quem
744 2326 858 2393 llbl'um
878 2338 970 2413 neget
986 2329 1114 2395 sortasse
1135 2328 1201 2395 all-

128 2442 200 2529 quis
224 2438 365 2505 Saturam
387 2436 490 2514 luisse,
510 2438 658 2522 malitque
677 2436 859 2502 historicum
882 2436 998 2515 dicere,
1021 2460 1084 2524 quo
1102 2441 1202 2506 Varro

128 2550 363 2617 triumvirorum
396 2566 445 2610 res
478 2553 578 2630 gestas
609 2544 886 2631 comprehenderit
934 2551 978 2612 At
1001 2546 1066 2635 ⁴illis
1094 2569 1202 2614 revera

130 2683 198 2727 esse
214 2655 439 2725 accensendum
454 2666 693 2738 Τρικάρανον,
703 2676 801 2740 quum
815 2676 924 2741 graeca
937 2655 1106 2743 inscriptio,
1116 2678 1203 2744 qua·-

129 2773 176 2837 les
195 2768 328 2856 plurima
348 2786 419 2852 pars
430 2764 610 2830 Saturarum
632 2764 930 2844 habehat11),tum
948 2765 1045 2852 ipsius
1062 2767 1201 2834 vocabuli

130 2878 211 2945 ratio
241 2877 394 2942 declarare
426 2873 555 2940 videtur.
610 2874 753 2951 Etenim,
791 2874 817 2939 si
852 2874 1063 2945 triumviratus
1093 2877 1202 2945 iamosi

131 3009 182 3053 res
193 2995 294 3074 gestas
313 3006 350 3051 eo
371 2984 449 3049 libro
470 2984 551 3051 serio
568 3004 711 3049 enarrare
729 2984 763 3049 in
779 2985 884 3052 animo
898 2984 1049 3054 habuerat
1062 2988 1202 3073 scriptor,

133 3096 224 3183 quid,
250 3116 380 3181 quaeso,
408 3114 546 3180 unquam
567 3114 638 3159 eum
660 3115 786 3160 movere
805 3096 971 3179 potuisset,
995 3104 1116 3162 uttam
1136 3098 1203 3162 nb-

133 3226 256 3271 sourum
273 3212 398 3289 tamque
419 3202 571 3269 ludicrum
590 3202 716 3267 titulum
737 3201 766 3265 ei
778 3202 1117 3287 imponeret‘t-Nihil
1130 3226 1204 3270 vero

133 3314 249 3399 negotii
264 3312 400 3377 Cerbero
420 3332 491 3375 cum
513 3330 617 3374 rerum
639 3308 804 3394 scriptore:
825 3318 858 3375 at
879 3312 982 3394 potius
1004 3331 1074 3375 cum
1089 3310 1204 3396 Cynico

131 3426 290 3497 Romano,
320 3425 356 3484 ut
375 3415 583 3482 Tertullianus
603 3418 776 3483 Varronem
798 3418 932 3504 appellat
952 3426 1079 3506 propter
1103 3421 1202 3488 Satu-

132 3552 192 3609 ras,
214 3528 329 3616 quippe
351 3526 514 3612 inquibus
534 3526 675 3613 Menippi
696 3526 802 3613 Cynici
825 3528 919 3594 libros
940 3529 1111 3596 aemulatus
1129 3541 1205 3599 erat

134 3641 181 3705 De
198 3637 348 3704 ambobus
371 3635 531 3719 autemde
550 3634 686 3703 Cerbero
707 3644 739 3701 et
754 3636 791 3702 de
805 3638 955 3725 Menippo
974 3641 1135 3708 commode
1152 3642 1203 3707 hic

135 3746 311 3813 memineris
330 3745 501 3830 elegantem
521 3746 623 3829 locum
643 3746 725 3832 apud
737 3747 907 3813 Luciauum
919 3748 1104 3817 DialMort
1116 3752 1204 3829 XXI,

136 3856 210 3935 init,
224 3856 277 3922 ubi
292 3854 378 3920 hicce
399 3854 476 3919 alter
495 3854 621 3940 tricipiti
644 3854 800 3919 infernalis
813 3855 923 3922 domus
936 3858 1061 3943 janitori
1081 3881 1203 3945 cogna-

207 4028 251 4085 Ην)
270 4026 395 4076 Gerana.
413 4026 448 4074 avl
467 4024 528 4074 Cio.
544 4027 632 4077 acad.
651 4024 670 4075 Ι.
686 4026 704 4075 1.
720 4025 808 4076 Orelli
825 4026 1006 4079 iconomast.
1018 4028 1091 4079 lull.
1104 4042 1130 4089 p.
1142 4027 1202 4076 577.

206 4108 313 4167 ¹¹)Ct.
333 4107 402 4169 Cap.
421 4120 499 4170 sequ.
