<?xml version="1.0" encoding="UTF-8"?>
<!DOCTYPE html PUBLIC "-//W3C//DTD XHTML 1.0 Transitional//EN"
    "http://www.w3.org/TR/xhtml1/DTD/xhtml1-transitional.dtd">
<html xmlns="http://www.w3.org/1999/xhtml" xml:lang="en" lang="en">
 <head>
  <title>
</title>
<meta http-equiv="Content-Type" content="text/html;charset=utf-8" />
  <meta name='ocr-system' content='tesseract 3.04.00' />
  <meta name='ocr-capabilities' content='ocr_page ocr_carea ocr_par ocr_line ocrx_word'/>
</head>
<body>
  <div class='ocr_page' id='page_1' title='image "./mterentiusvarro00oehlgoog/mterentiusvarro00oehlgoog_0072.png"; bbox 0 0 2934 4750; ppageno 0'>
   <div class='ocr_carea' id='block_1_1' title="bbox 304 145 977 215">
    <p class='ocr_par' dir='ltr' id='par_1_1' title="bbox 304 145 977 215">
     <span class='ocr_line' id='line_1_1' title="bbox 304 145 977 215; baseline 0 -3"><span class='ocrx_word' id='word_1_1' title='bbox 304 145 349 212; x_wconf 72' lang='lat'><strong>&#39;⁰0</strong></span> <span class='ocrx_word' id='word_1_2' title='bbox 699 168 802 212; x_wconf 74' lang='lat' dir='ltr'><strong>cuer</strong></span> <span class='ocrx_word' id='word_1_3' title='bbox 826 170 977 215; x_wconf 74' lang='lat' dir='ltr'><strong>assatus.</strong></span> 
     </span>
    </p>
   </div>
   <div class='ocr_carea' id='block_1_2' title="bbox 302 334 1369 2392">
    <p class='ocr_par' dir='ltr' id='par_1_2' title="bbox 302 334 1369 1949">
     <span class='ocr_line' id='line_1_2' title="bbox 306 334 1369 423; baseline 0.005 -22"><span class='ocrx_word' id='word_1_4' title='bbox 306 335 466 402; x_wconf 78' lang='lat' dir='ltr'><strong>terendum</strong></span> <span class='ocrx_word' id='word_1_5' title='bbox 484 342 516 399; x_wconf 90' lang='lat' dir='ltr'><strong>at</strong></span> <span class='ocrx_word' id='word_1_6' title='bbox 535 334 615 398; x_wconf 90' lang='lat' dir='ltr'><strong>inter</strong></span> <span class='ocrx_word' id='word_1_7' title='bbox 628 334 834 419; x_wconf 79' lang='lat' dir='ltr'><strong>Logistoricos</strong></span> <span class='ocrx_word' id='word_1_8' title='bbox 850 356 921 402; x_wconf 91' lang='lat' dir='ltr'><strong>eum</strong></span> <span class='ocrx_word' id='word_1_9' title='bbox 939 335 1149 423; x_wconf 90' lang='lat' dir='ltr'><strong>recipiendum</strong></span> <span class='ocrx_word' id='word_1_10' title='bbox 1164 358 1247 416; x_wconf 89' lang='lat' dir='ltr'><strong>esse,</strong></span> <span class='ocrx_word' id='word_1_11' title='bbox 1263 347 1298 405; x_wconf 86' lang='lat' dir='ltr'><strong>et</strong></span> <span class='ocrx_word' id='word_1_12' title='bbox 1314 339 1369 406; x_wconf 85' lang='lat' dir='ltr'><strong>hoe</strong></span> 
     </span>
     <span class='ocr_line' id='line_1_3' title="bbox 307 442 1368 531; baseline 0.004 -22"><span class='ocrx_word' id='word_1_13' title='bbox 307 444 431 531; x_wconf 89' lang='lat' dir='ltr'><strong>quidem</strong></span> <span class='ocrx_word' id='word_1_14' title='bbox 451 442 526 509; x_wconf 88' lang='lat' dir='ltr'><strong>duas</strong></span> <span class='ocrx_word' id='word_1_15' title='bbox 549 443 589 508; x_wconf 91' lang='lat' dir='ltr'><strong>ob</strong></span> <span class='ocrx_word' id='word_1_16' title='bbox 609 462 723 508; x_wconf 86' lang='lat' dir='ltr'><strong>causas</strong></span> <span class='ocrx_word' id='word_1_17' title='bbox 767 444 834 510; x_wconf 89' lang='lat' dir='ltr'><strong>Una</strong></span> <span class='ocrx_word' id='word_1_18' title='bbox 856 453 918 525; x_wconf 86' lang='lat' dir='ltr'><strong>est,</strong></span> <span class='ocrx_word' id='word_1_19' title='bbox 944 445 1028 531; x_wconf 86' lang='lat' dir='ltr'><strong>quod</strong></span> <span class='ocrx_word' id='word_1_20' title='bbox 1053 444 1234 512; x_wconf 86' lang='lat' dir='ltr'><strong>Saturarum</strong></span> <span class='ocrx_word' id='word_1_21' title='bbox 1254 447 1368 514; x_wconf 87' lang='lat' dir='ltr'><strong>inseri-</strong></span> 
     </span>
     <span class='ocr_line' id='line_1_4' title="bbox 306 552 1368 640; baseline 0.004 -22"><span class='ocrx_word' id='word_1_22' title='bbox 306 554 437 640; x_wconf 89' lang='lat' dir='ltr'><strong>ptiones,</strong></span> <span class='ocrx_word' id='word_1_23' title='bbox 455 558 608 640; x_wconf 83' lang='lat' dir='ltr'><strong>quotquot</strong></span> <span class='ocrx_word' id='word_1_24' title='bbox 626 552 777 630; x_wconf 85' lang='lat' dir='ltr'><strong>novimus,</strong></span> <span class='ocrx_word' id='word_1_25' title='bbox 794 553 820 618; x_wconf 91' lang='lat' dir='ltr'><strong>si</strong></span> <span class='ocrx_word' id='word_1_26' title='bbox 837 553 974 640; x_wconf 85' lang='lat' dir='ltr'><strong>duplices</strong></span> <span class='ocrx_word' id='word_1_27' title='bbox 990 563 1072 633; x_wconf 79' lang='lat' dir='ltr'><strong>sunt,</strong></span> <span class='ocrx_word' id='word_1_28' title='bbox 1088 555 1127 621; x_wconf 88' lang='lat' dir='ltr'><strong>ad</strong></span> <span class='ocrx_word' id='word_1_29' title='bbox 1145 555 1273 621; x_wconf 86' lang='lat' dir='ltr'><strong>alteram</strong></span> <span class='ocrx_word' id='word_1_30' title='bbox 1288 565 1368 622; x_wconf 84' lang='lat' dir='ltr'><strong>certe</strong></span> 
     </span>
     <span class='ocr_line' id='line_1_5' title="bbox 306 659 1368 749; baseline 0.003 -21"><span class='ocrx_word' id='word_1_31' title='bbox 306 670 424 748; x_wconf 81' lang='lat' dir='ltr'><strong>partem</strong></span> <span class='ocrx_word' id='word_1_32' title='bbox 444 669 619 728; x_wconf 77' lang='lat' dir='ltr'><strong>constanter</strong></span> <span class='ocrx_word' id='word_1_33' title='bbox 633 659 769 727; x_wconf 80' lang='lat' dir='ltr'><strong>Graecae</strong></span> <span class='ocrx_word' id='word_1_34' title='bbox 788 683 855 728; x_wconf 88' lang='lat' dir='ltr'><strong>esse</strong></span> <span class='ocrx_word' id='word_1_35' title='bbox 873 663 983 743; x_wconf 82' lang='lat' dir='ltr'><strong>solent,</strong></span> <span class='ocrx_word' id='word_1_36' title='bbox 1002 663 1086 749; x_wconf 88' lang='lat' dir='ltr'><strong>quod</strong></span> <span class='ocrx_word' id='word_1_37' title='bbox 1105 664 1252 732; x_wconf 91' lang='lat' dir='ltr'><strong>indicium</strong></span> <span class='ocrx_word' id='word_1_38' title='bbox 1269 664 1303 731; x_wconf 92' lang='lat' dir='ltr'><strong>in</strong></span> <span class='ocrx_word' id='word_1_39' title='bbox 1320 666 1368 731; x_wconf 87' lang='lat' dir='ltr'><strong>illa</strong></span> 
     </span>
     <span class='ocr_line' id='line_1_6' title="bbox 306 770 1367 860; baseline 0 -22"><span class='ocrx_word' id='word_1_40' title='bbox 306 772 431 860; x_wconf 88' lang='lat' dir='ltr'><strong>quidem</strong></span> <span class='ocrx_word' id='word_1_41' title='bbox 452 770 650 858; x_wconf 75' lang='lat' dir='ltr'><strong>inscriptione</strong></span> <span class='ocrx_word' id='word_1_42' title='bbox 672 771 827 837; x_wconf 78' lang='lat' dir='ltr'><strong>observari</strong></span> <span class='ocrx_word' id='word_1_43' title='bbox 847 794 910 838; x_wconf 92' lang='lat' dir='ltr'><strong>non</strong></span> <span class='ocrx_word' id='word_1_44' title='bbox 932 772 1017 838; x_wconf 89' lang='lat' dir='ltr'><strong>licet:</strong></span> <span class='ocrx_word' id='word_1_45' title='bbox 1043 772 1154 851; x_wconf 85' lang='lat' dir='ltr'><strong>ultera,</strong></span> <span class='ocrx_word' id='word_1_46' title='bbox 1180 773 1265 860; x_wconf 88' lang='lat' dir='ltr'><strong>quod</strong></span> <span class='ocrx_word' id='word_1_47' title='bbox 1286 772 1367 840; x_wconf 88' lang='lat' dir='ltr'><strong>Gel-</strong></span> 
     </span>
     <span class='ocr_line' id='line_1_7' title="bbox 307 880 1367 969; baseline -0.003 -20"><span class='ocrx_word' id='word_1_48' title='bbox 307 884 375 962; x_wconf 91' lang='lat' dir='ltr'><strong>lius,</strong></span> <span class='ocrx_word' id='word_1_49' title='bbox 390 882 443 969; x_wconf 91' lang='lat' dir='ltr'><strong>qui</strong></span> <span class='ocrx_word' id='word_1_50' title='bbox 465 901 546 947; x_wconf 93' lang='lat' dir='ltr'><strong>unus</strong></span> <span class='ocrx_word' id='word_1_51' title='bbox 566 880 636 946; x_wconf 87' lang='lat' dir='ltr'><strong>libri</strong></span> <span class='ocrx_word' id='word_1_52' title='bbox 655 880 805 957; x_wconf 82' lang='lat' dir='ltr'><strong>meminit,</strong></span> <span class='ocrx_word' id='word_1_53' title='bbox 822 902 884 947; x_wconf 93' lang='lat' dir='ltr'><strong>non</strong></span> <span class='ocrx_word' id='word_1_54' title='bbox 901 880 1081 960; x_wconf 86' lang='lat' dir='ltr'><strong>„Saturam“</strong></span> <span class='ocrx_word' id='word_1_55' title='bbox 1101 903 1188 961; x_wconf 92' lang='lat' dir='ltr'><strong>eum,</strong></span> <span class='ocrx_word' id='word_1_56' title='bbox 1207 882 1261 948; x_wconf 87' lang='lat' dir='ltr'><strong>sed</strong></span> <span class='ocrx_word' id='word_1_57' title='bbox 1287 882 1367 948; x_wconf 90' lang='lat' dir='ltr'><strong>sim-</strong></span> 
     </span>
     <span class='ocr_line' id='line_1_8' title="bbox 305 989 1367 1079; baseline -0.002 -21"><span class='ocrx_word' id='word_1_58' title='bbox 305 992 425 1079; x_wconf 85' lang='lat' dir='ltr'><strong>pliciter</strong></span> <span class='ocrx_word' id='word_1_59' title='bbox 446 990 596 1071; x_wconf 91' lang='lat' dir='ltr'><strong>„librum“</strong></span> <span class='ocrx_word' id='word_1_60' title='bbox 618 989 760 1077; x_wconf 79' lang='lat' dir='ltr'><strong>appellat,</strong></span> <span class='ocrx_word' id='word_1_61' title='bbox 781 991 895 1076; x_wconf 91' lang='lat' dir='ltr'><strong>quippe</strong></span> <span class='ocrx_word' id='word_1_62' title='bbox 914 1011 1012 1077; x_wconf 92' lang='lat' dir='ltr'><strong>quum</strong></span> <span class='ocrx_word' id='word_1_63' title='bbox 1033 1000 1161 1070; x_wconf 88' lang='lat' dir='ltr'><strong>constet,</strong></span> <span class='ocrx_word' id='word_1_64' title='bbox 1182 991 1265 1057; x_wconf 86' lang='lat' dir='ltr'><strong>hunc</strong></span> <span class='ocrx_word' id='word_1_65' title='bbox 1285 991 1367 1057; x_wconf 87' lang='lat' dir='ltr'><strong>scri-</strong></span> 
     </span>
     <span class='ocr_line' id='line_1_9' title="bbox 304 1098 1367 1186; baseline 0 -20"><span class='ocrx_word' id='word_1_66' title='bbox 304 1110 439 1186; x_wconf 88' lang='lat' dir='ltr'><strong>ptoram,</strong></span> <span class='ocrx_word' id='word_1_67' title='bbox 469 1099 712 1186; x_wconf 80' lang='lat' dir='ltr'><strong>quotiescunque</strong></span> <span class='ocrx_word' id='word_1_68' title='bbox 737 1098 863 1166; x_wconf 78' lang='lat' dir='ltr'><strong>Saturus</strong></span> <span class='ocrx_word' id='word_1_69' title='bbox 880 1101 1030 1167; x_wconf 82' lang='lat' dir='ltr'><strong>Varronis</strong></span> <span class='ocrx_word' id='word_1_70' title='bbox 1050 1101 1168 1180; x_wconf 87' lang='lat' dir='ltr'><strong>laudat,</strong></span> <span class='ocrx_word' id='word_1_71' title='bbox 1199 1122 1261 1167; x_wconf 92' lang='lat' dir='ltr'><strong>non</strong></span> <span class='ocrx_word' id='word_1_72' title='bbox 1289 1100 1367 1166; x_wconf 87' lang='lat' dir='ltr'><strong>solas</strong></span> 
     </span>
     <span class='ocr_line' id='line_1_10' title="bbox 304 1207 1366 1297; baseline -0.002 -20"><span class='ocrx_word' id='word_1_73' title='bbox 304 1212 517 1297; x_wconf 85' lang='lat' dir='ltr'><strong>inscriptiones</strong></span> <span class='ocrx_word' id='word_1_74' title='bbox 540 1209 687 1275; x_wconf 87' lang='lat' dir='ltr'><strong>librorum</strong></span> <span class='ocrx_word' id='word_1_75' title='bbox 709 1207 850 1288; x_wconf 86' lang='lat' dir='ltr'><strong>laudare,</strong></span> <span class='ocrx_word' id='word_1_76' title='bbox 875 1209 928 1275; x_wconf 87' lang='lat' dir='ltr'><strong>sed</strong></span> <span class='ocrx_word' id='word_1_77' title='bbox 957 1212 1049 1276; x_wconf 85' lang='lat' dir='ltr'><strong>etiam</strong></span> <span class='ocrx_word' id='word_1_78' title='bbox 1070 1210 1184 1277; x_wconf 83' lang='lat' dir='ltr'><strong>diserte</strong></span> <span class='ocrx_word' id='word_1_79' title='bbox 1205 1210 1366 1288; x_wconf 67' lang='lat' dir='ltr'><strong>„saturas</strong></span> 
     </span>
     <span class='ocr_line' id='line_1_11' title="bbox 304 1316 1367 1408; baseline -0.004 -22"><span class='ocrx_word' id='word_1_80' title='bbox 304 1320 456 1408; x_wconf 87' lang='lat' dir='ltr'><strong>appellare</strong></span> <span class='ocrx_word' id='word_1_81' title='bbox 487 1340 540 1386; x_wconf 89' lang='lat' dir='ltr'><strong>cos</strong></span> <span class='ocrx_word' id='word_1_82' title='bbox 571 1317 685 1394; x_wconf 89' lang='lat' dir='ltr'><strong>solere,</strong></span> <span class='ocrx_word' id='word_1_83' title='bbox 720 1316 795 1384; x_wconf 91' lang='lat' dir='ltr'><strong>dum</strong></span> <span class='ocrx_word' id='word_1_84' title='bbox 830 1327 936 1384; x_wconf 80' lang='lat' dir='ltr'><strong>contm</strong></span> <span class='ocrx_word' id='word_1_85' title='bbox 968 1341 1007 1385; x_wconf 82' lang='lat' dir='ltr'><strong>ax</strong></span> <span class='ocrx_word' id='word_1_86' title='bbox 1037 1319 1137 1386; x_wconf 91' lang='lat' dir='ltr'><strong>trihus</strong></span> <span class='ocrx_word' id='word_1_87' title='bbox 1163 1318 1367 1405; x_wconf 73' lang='lat' dir='ltr'><strong>Logistor&#39;mis,</strong></span> 
     </span>
     <span class='ocr_line' id='line_1_12' title="bbox 304 1426 1366 1518; baseline -0.003 -21"><span class='ocrx_word' id='word_1_88' title='bbox 304 1451 437 1518; x_wconf 89' lang='lat' dir='ltr'><strong>quorum</strong></span> <span class='ocrx_word' id='word_1_89' title='bbox 457 1427 614 1505; x_wconf 86' lang='lat' dir='ltr'><strong>meminit,</strong></span> <span class='ocrx_word' id='word_1_90' title='bbox 630 1446 727 1492; x_wconf 91' lang='lat' dir='ltr'><strong>unum</strong></span> <span class='ocrx_word' id='word_1_91' title='bbox 746 1433 868 1491; x_wconf 84' lang='lat' dir='ltr'><strong>tantum</strong></span> <span class='ocrx_word' id='word_1_92' title='bbox 892 1426 1009 1506; x_wconf 57' lang='lat' dir='ltr'><strong>Cotem</strong></span> <span class='ocrx_word' id='word_1_93' title='bbox 1029 1428 1066 1494; x_wconf 82' lang='lat' dir='ltr'><strong>de</strong></span> <span class='ocrx_word' id='word_1_94' title='bbox 1081 1429 1199 1494; x_wconf 78' lang='lat' dir='ltr'><strong>Liberis</strong></span> <span class='ocrx_word' id='word_1_95' title='bbox 1216 1428 1366 1493; x_wconf 79' lang='lat' dir='ltr'><strong>Educen—</strong></span> 
     </span>
     <span class='ocr_line' id='line_1_13' title="bbox 303 1534 1365 1622; baseline -0.005 -17"><span class='ocrx_word' id='word_1_96' title='bbox 303 1540 351 1605; x_wconf 81' lang='lat' dir='ltr'><strong>ds&#39;s</strong></span> <span class='ocrx_word' id='word_1_97' title='bbox 363 1536 625 1622; x_wconf 81' lang='lat' dir='ltr'><strong>„Logistoricum“</strong></span> <span class='ocrx_word' id='word_1_98' title='bbox 640 1534 805 1620; x_wconf 85' lang='lat' dir='ltr'><strong>appellare,</strong></span> <span class='ocrx_word' id='word_1_99' title='bbox 822 1535 855 1600; x_wconf 93' lang='lat' dir='ltr'><strong>in</strong></span> <span class='ocrx_word' id='word_1_100' title='bbox 876 1536 998 1604; x_wconf 87' lang='lat' dir='ltr'><strong>duobus</strong></span> <span class='ocrx_word' id='word_1_101' title='bbox 1015 1558 1099 1615; x_wconf 86' lang='lat' dir='ltr'><strong>vero,</strong></span> <span class='ocrx_word' id='word_1_102' title='bbox 1118 1537 1234 1603; x_wconf 88' lang='lat' dir='ltr'><strong>scilicet</strong></span> <span class='ocrx_word' id='word_1_103' title='bbox 1253 1536 1287 1602; x_wconf 93' lang='lat' dir='ltr'><strong>in</strong></span> <span class='ocrx_word' id='word_1_104' title='bbox 1301 1537 1365 1611; x_wconf 79' lang='lat' dir='ltr'><strong>Pio,</strong></span> 
     </span>
     <span class='ocr_line' id='line_1_14' title="bbox 303 1643 1357 1724; baseline -0.001 -12"><span class='ocrx_word' id='word_1_105' title='bbox 303 1648 340 1712; x_wconf 84' lang='lat' dir='ltr'><strong>de</strong></span> <span class='ocrx_word' id='word_1_106' title='bbox 360 1648 438 1712; x_wconf 87' lang='lat' dir='ltr'><strong>Poce</strong></span> <span class='ocrx_word' id='word_1_107' title='bbox 453 1643 639 1724; x_wconf 80' lang='lat' dir='ltr'><strong>etSe&#39;secco,</strong></span> <span class='ocrx_word' id='word_1_108' title='bbox 657 1643 693 1710; x_wconf 83' lang='lat' dir='ltr'><strong>de</strong></span> <span class='ocrx_word' id='word_1_109' title='bbox 705 1644 842 1710; x_wconf 77' lang='lat' dir='ltr'><strong>Historia</strong></span> <span class='ocrx_word' id='word_1_110' title='bbox 858 1645 988 1712; x_wconf 85' lang='lat' dir='ltr'><strong>citandis</strong></span> <span class='ocrx_word' id='word_1_111' title='bbox 1007 1667 1079 1712; x_wconf 92' lang='lat' dir='ltr'><strong>eum</strong></span> <span class='ocrx_word' id='word_1_112' title='bbox 1098 1646 1157 1712; x_wconf 88' lang='lat' dir='ltr'><strong>lroe</strong></span> <span class='ocrx_word' id='word_1_113' title='bbox 1177 1646 1235 1712; x_wconf 89' lang='lat' dir='ltr'><strong>sihi</strong></span> <span class='ocrx_word' id='word_1_114' title='bbox 1255 1644 1357 1711; x_wconf 90' lang='lat' dir='ltr'><strong>indul·</strong></span> 
     </span>
     <span class='ocr_line' id='line_1_15' title="bbox 303 1752 1364 1840; baseline -0.004 -18"><span class='ocrx_word' id='word_1_115' title='bbox 303 1758 379 1822; x_wconf 87' lang='lat' dir='ltr'><strong>sisse</strong></span> <span class='ocrx_word' id='word_1_116' title='bbox 397 1755 604 1831; x_wconf 79' lang='lat' dir='ltr'><strong>observamus,</strong></span> <span class='ocrx_word' id='word_1_117' title='bbox 622 1752 705 1840; x_wconf 89' lang='lat' dir='ltr'><strong>quod</strong></span> <span class='ocrx_word' id='word_1_118' title='bbox 725 1774 788 1819; x_wconf 90' lang='lat' dir='ltr'><strong>non</strong></span> <span class='ocrx_word' id='word_1_119' title='bbox 802 1755 1045 1840; x_wconf 79' lang='lat' dir='ltr'><strong>‚,Logistorieos“</strong></span> <span class='ocrx_word' id='word_1_120' title='bbox 1064 1776 1117 1822; x_wconf 87' lang='lat' dir='ltr'><strong>eos</strong></span> <span class='ocrx_word' id='word_1_121' title='bbox 1137 1753 1189 1820; x_wconf 89' lang='lat' dir='ltr'><strong>sed</strong></span> <span class='ocrx_word' id='word_1_122' title='bbox 1210 1752 1364 1838; x_wconf 88' lang='lat' dir='ltr'><strong>simplici-</strong></span> 
     </span>
     <span class='ocr_line' id='line_1_16' title="bbox 302 1856 1058 1949; baseline -0.008 -19"><span class='ocrx_word' id='word_1_123' title='bbox 302 1873 351 1930; x_wconf 87' lang='lat' dir='ltr'><strong>ter</strong></span> <span class='ocrx_word' id='word_1_124' title='bbox 369 1863 502 1945; x_wconf 85' lang='lat' dir='ltr'><strong>‚,libros“</strong></span> <span class='ocrx_word' id='word_1_125' title='bbox 524 1862 696 1949; x_wconf 84' lang='lat' dir='ltr'><strong>appellavit.</strong></span> <span class='ocrx_word' id='word_1_126' title='bbox 1054 1856 1058 1862; x_wconf 79' lang='grc'><strong>’</strong></span> 
     </span>
    </p>

    <p class='ocr_par' dir='ltr' id='par_1_3' title="bbox 303 1971 1363 2392">
     <span class='ocr_line' id='line_1_17' title="bbox 345 1971 1363 2059; baseline -0.002 -22"><span class='ocrx_word' id='word_1_127' title='bbox 345 2005 349 2013; x_wconf 94' lang='grc'>-</span> <span class='ocrx_word' id='word_1_128' title='bbox 388 1973 516 2038; x_wconf 82' lang='lat' dir='ltr'><strong>Praeter</strong></span> <span class='ocrx_word' id='word_1_129' title='bbox 537 1971 668 2038; x_wconf 75' lang='lat' dir='ltr'><strong>Orestas</strong></span> <span class='ocrx_word' id='word_1_130' title='bbox 690 1973 872 2039; x_wconf 76' lang='lat' dir='ltr'><strong>delmenia</strong></span> <span class='ocrx_word' id='word_1_131' title='bbox 894 1974 1027 2059; x_wconf 88' lang='lat' dir='ltr'><strong>denique</strong></span> <span class='ocrx_word' id='word_1_132' title='bbox 1051 1974 1143 2039; x_wconf 87' lang='lat' dir='ltr'><strong>etiam</strong></span> <span class='ocrx_word' id='word_1_133' title='bbox 1167 1971 1242 2036; x_wconf 86' lang='lat' dir='ltr'><strong>alios</strong></span> <span class='ocrx_word' id='word_1_134' title='bbox 1260 1990 1363 2056; x_wconf 87' lang='lat' dir='ltr'><strong>quos-</strong></span> 
     </span>
     <span class='ocr_line' id='line_1_18' title="bbox 304 2079 1363 2167; baseline -0.006 -17"><span class='ocrx_word' id='word_1_135' title='bbox 304 2085 374 2150; x_wconf 91' lang='lat' dir='ltr'><strong>dam</strong></span> <span class='ocrx_word' id='word_1_136' title='bbox 391 2083 540 2149; x_wconf 85' lang='lat' dir='ltr'><strong>Varronis</strong></span> <span class='ocrx_word' id='word_1_137' title='bbox 561 2081 656 2148; x_wconf 89' lang='lat' dir='ltr'><strong>libros</strong></span> <span class='ocrx_word' id='word_1_138' title='bbox 677 2081 938 2167; x_wconf 78' lang='lat' dir='ltr'><strong>Logistoricorum</strong></span> <span class='ocrx_word' id='word_1_139' title='bbox 957 2082 1075 2148; x_wconf 89' lang='lat' dir='ltr'><strong>nomini</strong></span> <span class='ocrx_word' id='word_1_140' title='bbox 1100 2079 1280 2148; x_wconf 76' lang='lat' dir='ltr'><strong>moerendos</strong></span> <span class='ocrx_word' id='word_1_141' title='bbox 1299 2099 1363 2145; x_wconf 90' lang='lat' dir='ltr'><strong>esse</strong></span> 
     </span>
     <span class='ocr_line' id='line_1_19' title="bbox 303 2188 1363 2279; baseline -0.009 -17"><span class='ocrx_word' id='word_1_142' title='bbox 303 2195 496 2272; x_wconf 89' lang='lat' dir='ltr'><strong>arbitramur,</strong></span> <span class='ocrx_word' id='word_1_143' title='bbox 507 2191 560 2279; x_wconf 92' lang='lat' dir='ltr'><strong>qui</strong></span> <span class='ocrx_word' id='word_1_144' title='bbox 571 2191 695 2277; x_wconf 88' lang='lat' dir='ltr'><strong>quidem</strong></span> <span class='ocrx_word' id='word_1_145' title='bbox 711 2192 908 2276; x_wconf 79' lang='lat' dir='ltr'><strong>simplices</strong></span> <span class='ocrx_word' id='word_1_146' title='bbox 922 2191 1145 2278; x_wconf 84' lang='lat' dir='ltr'><strong>inscriptiones,</strong></span> <span class='ocrx_word' id='word_1_147' title='bbox 1155 2211 1218 2255; x_wconf 93' lang='lat' dir='ltr'><strong>non</strong></span> <span class='ocrx_word' id='word_1_148' title='bbox 1230 2188 1363 2276; x_wconf 82' lang='lat' dir='ltr'><strong>duplices</strong></span> 
     </span>
     <span class='ocr_line' id='line_1_20' title="bbox 303 2299 1363 2392; baseline -0.011 -17"><span class='ocrx_word' id='word_1_149' title='bbox 303 2305 433 2386; x_wconf 86' lang='lat' dir='ltr'><strong>hahent,</strong></span> <span class='ocrx_word' id='word_1_150' title='bbox 455 2302 596 2392; x_wconf 88' lang='lat' dir='ltr'><strong>qualibus</strong></span> <span class='ocrx_word' id='word_1_151' title='bbox 615 2302 674 2381; x_wconf 91' lang='lat' dir='ltr'><strong>illi,</strong></span> <span class='ocrx_word' id='word_1_152' title='bbox 696 2307 850 2389; x_wconf 90' lang='lat' dir='ltr'><strong>quotquot</strong></span> <span class='ocrx_word' id='word_1_153' title='bbox 868 2300 1091 2381; x_wconf 89' lang='lat' dir='ltr'><strong>recensuimus,</strong></span> <span class='ocrx_word' id='word_1_154' title='bbox 1113 2299 1249 2386; x_wconf 77' lang='lat' dir='ltr'><strong>insignes</strong></span> <span class='ocrx_word' id='word_1_155' title='bbox 1270 2306 1363 2364; x_wconf 81' lang='lat' dir='ltr'><strong>erant</strong></span> 
     </span>
    </p>
   </div>
   <div class='ocr_carea' id='block_1_3' title="bbox 297 2408 1385 3042">
    <p class='ocr_par' dir='ltr' id='par_1_4' title="bbox 297 2408 1385 3042">
     <span class='ocr_line' id='line_1_21' title="bbox 303 2408 1362 2503; baseline -0.009 -20"><span class='ocrx_word' id='word_1_156' title='bbox 303 2416 382 2484; x_wconf 92' lang='lat' dir='ltr'><strong>Sunt</strong></span> <span class='ocrx_word' id='word_1_157' title='bbox 399 2416 537 2503; x_wconf 90' lang='lat' dir='ltr'><strong>quinque</strong></span> <span class='ocrx_word' id='word_1_158' title='bbox 556 2412 604 2478; x_wconf 89' lang='lat' dir='ltr'><strong>hi:</strong></span> <span class='ocrx_word' id='word_1_159' title='bbox 643 2413 677 2490; x_wconf 91' lang='lat' dir='ltr'><strong>l)</strong></span> <span class='ocrx_word' id='word_1_160' title='bbox 700 2412 832 2478; x_wconf 62' lang='lat' dir='ltr'><strong>&amp;hesse</strong></span> <span class='ocrx_word' id='word_1_161' title='bbox 876 2416 948 2498; x_wconf 78' lang='lat' dir='ltr'><strong>(Ap.</strong></span> <span class='ocrx_word' id='word_1_162' title='bbox 968 2411 1054 2477; x_wconf 83' lang='lat' dir='ltr'><strong>Sarr.</strong></span> <span class='ocrx_word' id='word_1_163' title='bbox 1080 2412 1113 2475; x_wconf 92' lang='lat' dir='ltr'><strong>in</strong></span> <span class='ocrx_word' id='word_1_164' title='bbox 1137 2410 1222 2495; x_wconf 85' lang='lat' dir='ltr'><strong>Virg.</strong></span> <span class='ocrx_word' id='word_1_165' title='bbox 1245 2414 1324 2475; x_wconf 82' lang='lat' dir='ltr'><strong>Aen</strong></span> <span class='ocrx_word' id='word_1_166' title='bbox 1345 2408 1362 2473; x_wconf 84' lang='lat' dir='ltr'><strong>l.</strong></span> 
     </span>
     <span class='ocr_line' id='line_1_22' title="bbox 301 2516 1362 2606; baseline -0.01 -14"><span class='ocrx_word' id='word_1_167' title='bbox 301 2524 494 2606; x_wconf 81' lang='lat' dir='ltr'>1x‚v.53.)</span> <span class='ocrx_word' id='word_1_168' title='bbox 536 2523 573 2601; x_wconf 73' lang='lat'><strong>2)</strong></span> <span class='ocrx_word' id='word_1_169' title='bbox 600 2522 776 2588; x_wconf 67' lang='lat' dir='ltr'><strong>mereant.</strong></span> <span class='ocrx_word' id='word_1_170' title='bbox 820 2524 893 2606; x_wconf 80' lang='lat' dir='ltr'><strong>(Ap.</strong></span> <span class='ocrx_word' id='word_1_171' title='bbox 912 2520 1052 2586; x_wconf 63' lang='lat' dir='ltr'><strong>Diomed„</strong></span> <span class='ocrx_word' id='word_1_172' title='bbox 1072 2518 1126 2586; x_wconf 86' lang='lat' dir='ltr'><strong>Gr.</strong></span> <span class='ocrx_word' id='word_1_173' title='bbox 1146 2518 1165 2583; x_wconf 89' lang='lat' dir='ltr'><strong>l.</strong></span> <span class='ocrx_word' id='word_1_174' title='bbox 1186 2520 1218 2595; x_wconf 90' lang='lat'><strong>1,</strong></span> <span class='ocrx_word' id='word_1_175' title='bbox 1243 2539 1272 2604; x_wconf 90' lang='lat' dir='ltr'><strong>p.</strong></span> <span class='ocrx_word' id='word_1_176' title='bbox 1293 2516 1362 2600; x_wconf 72' lang='lat'><strong>365.</strong></span> 
     </span>
     <span class='ocr_line' id='line_1_23' title="bbox 302 2626 1361 2719; baseline -0.006 -20"><span class='ocrx_word' id='word_1_177' title='bbox 302 2642 334 2699; x_wconf 88' lang='lat' dir='ltr'><strong>ct</strong></span> <span class='ocrx_word' id='word_1_178' title='bbox 352 2655 400 2719; x_wconf 90' lang='lat' dir='ltr'><strong>ap.</strong></span> <span class='ocrx_word' id='word_1_179' title='bbox 418 2632 565 2699; x_wconf 87' lang='lat' dir='ltr'><strong>Priscian.</strong></span> <span class='ocrx_word' id='word_1_180' title='bbox 582 2629 635 2697; x_wconf 87' lang='lat' dir='ltr'><strong>Gr.</strong></span> <span class='ocrx_word' id='word_1_181' title='bbox 658 2629 677 2695; x_wconf 94' lang='grc' dir='ltr'><strong>Ι.</strong></span> <span class='ocrx_word' id='word_1_182' title='bbox 698 2631 744 2707; x_wconf 83' lang='lat' dir='ltr'><strong>X,</strong></span> <span class='ocrx_word' id='word_1_183' title='bbox 761 2651 787 2695; x_wconf 84' lang='lat' dir='ltr'><strong>c</strong></span> <span class='ocrx_word' id='word_1_184' title='bbox 806 2628 835 2696; x_wconf 78' lang='lat'><strong>3.</strong></span> <span class='ocrx_word' id='word_1_185' title='bbox 852 2650 881 2716; x_wconf 88' lang='lat' dir='ltr'><strong>p.</strong></span> <span class='ocrx_word' id='word_1_186' title='bbox 901 2626 973 2696; x_wconf 82' lang='lat'><strong>887.</strong></span> <span class='ocrx_word' id='word_1_187' title='bbox 994 2628 1041 2694; x_wconf 87' lang='lat' dir='ltr'><strong>ed.</strong></span> <span class='ocrx_word' id='word_1_188' title='bbox 1058 2627 1197 2707; x_wconf 83' lang='lat' dir='ltr'><strong>Putsch.)</strong></span> <span class='ocrx_word' id='word_1_189' title='bbox 1240 2626 1276 2705; x_wconf 80' lang='lat'><strong>3&gt;</strong></span> <span class='ocrx_word' id='word_1_190' title='bbox 1297 2629 1361 2697; x_wconf 86' lang='lat' dir='ltr'><strong>Ne-</strong></span> 
     </span>
     <span class='ocr_line' id='line_1_24' title="bbox 297 2736 1362 2829; baseline -0.006 -21"><span class='ocrx_word' id='word_1_191' title='bbox 297 2765 364 2829; x_wconf 81' lang='lat' dir='ltr'><strong>pos.</strong></span> <span class='ocrx_word' id='word_1_192' title='bbox 407 2745 480 2825; x_wconf 83' lang='lat' dir='ltr'><strong>(Ap.</strong></span> <span class='ocrx_word' id='word_1_193' title='bbox 501 2738 600 2824; x_wconf 89' lang='lat' dir='ltr'><strong>Sosip.</strong></span> <span class='ocrx_word' id='word_1_194' title='bbox 617 2738 735 2805; x_wconf 84' lang='lat' dir='ltr'><strong>Charis.</strong></span> <span class='ocrx_word' id='word_1_195' title='bbox 753 2736 807 2804; x_wconf 87' lang='lat' dir='ltr'><strong>Gr.</strong></span> <span class='ocrx_word' id='word_1_196' title='bbox 828 2738 848 2803; x_wconf 92' lang='lat' dir='ltr'><strong>l.</strong></span> <span class='ocrx_word' id='word_1_197' title='bbox 868 2740 893 2816; x_wconf 91' lang='lat'><strong>1,</strong></span> <span class='ocrx_word' id='word_1_198' title='bbox 911 2758 940 2823; x_wconf 92' lang='lat' dir='ltr'><strong>p.</strong></span> <span class='ocrx_word' id='word_1_199' title='bbox 957 2740 1008 2803; x_wconf 83' lang='lat'><strong>44.</strong></span> <span class='ocrx_word' id='word_1_200' title='bbox 1025 2737 1072 2803; x_wconf 87' lang='lat' dir='ltr'><strong>ed.</strong></span> <span class='ocrx_word' id='word_1_201' title='bbox 1086 2737 1135 2817; x_wconf 88' lang='lat' dir='ltr'><strong>P.)</strong></span> <span class='ocrx_word' id='word_1_202' title='bbox 1179 2739 1214 2815; x_wconf 86' lang='grc'><strong>4)</strong></span> <span class='ocrx_word' id='word_1_203' title='bbox 1233 2737 1362 2803; x_wconf 81' lang='lat' dir='ltr'><strong>DePc-</strong></span> 
     </span>
     <span class='ocr_line' id='line_1_25' title="bbox 302 2846 1385 2933; baseline 0.001 -18"><span class='ocrx_word' id='word_1_204' title='bbox 302 2851 413 2915; x_wconf 79' lang='lat' dir='ltr'><strong>ds’es’te’e.</strong></span> <span class='ocrx_word' id='word_1_205' title='bbox 457 2851 530 2933; x_wconf 78' lang='lat' dir='ltr'><strong>(Ap.</strong></span> <span class='ocrx_word' id='word_1_206' title='bbox 546 2846 630 2913; x_wconf 87' lang='lat' dir='ltr'><strong>Serr.</strong></span> <span class='ocrx_word' id='word_1_207' title='bbox 648 2847 680 2911; x_wconf 91' lang='lat' dir='ltr'><strong>in</strong></span> <span class='ocrx_word' id='word_1_208' title='bbox 697 2846 782 2931; x_wconf 76' lang='lat' dir='ltr'><strong>virg.</strong></span> <span class='ocrx_word' id='word_1_209' title='bbox 797 2852 875 2912; x_wconf 78' lang='lat' dir='ltr'><strong>Aen</strong></span> <span class='ocrx_word' id='word_1_210' title='bbox 897 2847 916 2912; x_wconf 94' lang='lat' dir='ltr'><strong>l.</strong></span> <span class='ocrx_word' id='word_1_211' title='bbox 936 2847 981 2914; x_wconf 87' lang='lat' dir='ltr'><strong>IV</strong></span> <span class='ocrx_word' id='word_1_212' title='bbox 987 2896 995 2924; x_wconf 91' lang='lat'>‚</span> <span class='ocrx_word' id='word_1_213' title='bbox 1012 2868 1040 2914; x_wconf 81' lang='lat' dir='ltr'><strong>v.</strong></span> <span class='ocrx_word' id='word_1_214' title='bbox 1061 2846 1126 2925; x_wconf 82' lang='lat'>45.)</span> <span class='ocrx_word' id='word_1_215' title='bbox 1169 2846 1205 2925; x_wconf 81' lang='lat'><strong>5)</strong></span> <span class='ocrx_word' id='word_1_216' title='bbox 1225 2846 1272 2913; x_wconf 87' lang='lat' dir='ltr'><strong>De</strong></span> <span class='ocrx_word' id='word_1_217' title='bbox 1288 2846 1362 2916; x_wconf 78' lang='lat' dir='ltr'><strong>Mo-</strong></span> <span class='ocrx_word' id='word_1_218' title='bbox 1381 2890 1385 2894; x_wconf 89' lang='lat'>·</span> 
     </span>
     <span class='ocr_line' id='line_1_26' title="bbox 302 2952 1362 3042; baseline -0.005 -18"><span class='ocrx_word' id='word_1_219' title='bbox 302 2959 396 3025; x_wconf 80' lang='lat' dir='ltr'><strong>ritus.</strong></span> <span class='ocrx_word' id='word_1_220' title='bbox 439 2961 512 3042; x_wconf 77' lang='lat' dir='ltr'><strong>(Ap.</strong></span> <span class='ocrx_word' id='word_1_221' title='bbox 535 2954 672 3023; x_wconf 84' lang='lat' dir='ltr'><strong>Macrob.</strong></span> <span class='ocrx_word' id='word_1_222' title='bbox 697 2954 819 3021; x_wconf 89' lang='lat' dir='ltr'><strong>Saturn.</strong></span> <span class='ocrx_word' id='word_1_223' title='bbox 845 2956 864 3020; x_wconf 92' lang='lat' dir='ltr'><strong>l.</strong></span> <span class='ocrx_word' id='word_1_224' title='bbox 888 2956 948 3033; x_wconf 91' lang='lat' dir='ltr'><strong>III,</strong></span> <span class='ocrx_word' id='word_1_225' title='bbox 972 2976 997 3019; x_wconf 87' lang='lat' dir='ltr'><strong>c.</strong></span> <span class='ocrx_word' id='word_1_226' title='bbox 1016 2952 1070 3034; x_wconf 88' lang='lat'><strong>8.).</strong></span> <span class='ocrx_word' id='word_1_227' title='bbox 1091 2994 1133 3004; x_wconf 92' lang='lat'>—</span> <span class='ocrx_word' id='word_1_228' title='bbox 1154 2954 1263 3041; x_wconf 87' lang='lat' dir='ltr'><strong>Neque</strong></span> <span class='ocrx_word' id='word_1_229' title='bbox 1282 2955 1362 3019; x_wconf 88' lang='lat' dir='ltr'><strong>enim</strong></span> 
     </span>
    </p>
   </div>
   <div class='ocr_carea' id='block_1_4' title="bbox 298 3192 1365 3930">
    <p class='ocr_par' dir='ltr' id='par_1_5' title="bbox 298 3192 1365 3930">
     <span class='ocr_line' id='line_1_27' title="bbox 299 3192 1364 3263; baseline -0.006 -12"><span class='ocrx_word' id='word_1_230' title='bbox 299 3199 366 3251; x_wconf 74' lang='lat' dir='ltr'><strong>lire</strong></span> <span class='ocrx_word' id='word_1_231' title='bbox 384 3196 473 3263; x_wconf 51' lang='lat' dir='ltr'><strong>lates</strong></span> <span class='ocrx_word' id='word_1_232' title='bbox 489 3194 656 3260; x_wconf 68' lang='lat' dir='ltr'><strong>Fulgentius</strong></span> <span class='ocrx_word' id='word_1_233' title='bbox 671 3193 732 3244; x_wconf 84' lang='lat' dir='ltr'><strong>slve</strong></span> <span class='ocrx_word' id='word_1_234' title='bbox 749 3194 909 3257; x_wconf 85' lang='lat' dir='ltr'><strong>exscriptor</strong></span> <span class='ocrx_word' id='word_1_235' title='bbox 924 3195 1100 3260; x_wconf 75' lang='lat' dir='ltr'><strong>peccaverit,</strong></span> <span class='ocrx_word' id='word_1_236' title='bbox 1118 3204 1198 3244; x_wconf 82' lang='lat' dir='ltr'><strong>nemo</strong></span> <span class='ocrx_word' id='word_1_237' title='bbox 1218 3192 1284 3243; x_wconf 84' lang='lat' dir='ltr'><strong>nihl</strong></span> <span class='ocrx_word' id='word_1_238' title='bbox 1300 3206 1364 3255; x_wconf 88' lang='lat' dir='ltr'><strong>per·</strong></span> 
     </span>
     <span class='ocr_line' id='line_1_28' title="bbox 301 3277 1364 3344; baseline -0.006 -12"><span class='ocrx_word' id='word_1_239' title='bbox 301 3281 438 3344; x_wconf 81' lang='lat' dir='ltr'><strong>suadebit,</strong></span> <span class='ocrx_word' id='word_1_240' title='bbox 453 3280 674 3332; x_wconf 69' lang='lat' dir='ltr'><strong>Astidemsntem</strong></span> <span class='ocrx_word' id='word_1_241' title='bbox 691 3277 769 3329; x_wconf 88' lang='lat' dir='ltr'><strong>illurn</strong></span> <span class='ocrx_word' id='word_1_242' title='bbox 788 3290 845 3328; x_wconf 87' lang='lat' dir='ltr'><strong>non</strong></span> <span class='ocrx_word' id='word_1_243' title='bbox 866 3278 1033 3342; x_wconf 76' lang='lat' dir='ltr'><strong>exigendum</strong></span> <span class='ocrx_word' id='word_1_244' title='bbox 1055 3290 1121 3329; x_wconf 86' lang='lat' dir='ltr'><strong>esse</strong></span> <span class='ocrx_word' id='word_1_245' title='bbox 1139 3279 1285 3327; x_wconf 79' lang='lat' dir='ltr'><strong>suetorum</strong></span> <span class='ocrx_word' id='word_1_246' title='bbox 1303 3278 1364 3340; x_wconf 72' lang='lat' dir='ltr'><strong>syl·</strong></span> 
     </span>
     <span class='ocr_line' id='line_1_29' title="bbox 298 3359 1364 3426; baseline -0.002 -12"><span class='ocrx_word' id='word_1_247' title='bbox 298 3366 373 3414; x_wconf 82' lang='lat' dir='ltr'><strong>labo.</strong></span> <span class='ocrx_word' id='word_1_248' title='bbox 395 3364 431 3413; x_wconf 86' lang='lat' dir='ltr'><strong>Ut</strong></span> <span class='ocrx_word' id='word_1_249' title='bbox 447 3367 548 3425; x_wconf 71' lang='lat' dir='ltr'><strong>sertem,</strong></span> <span class='ocrx_word' id='word_1_250' title='bbox 567 3362 632 3425; x_wconf 82' lang='lat' dir='ltr'><strong>quid</strong></span> <span class='ocrx_word' id='word_1_251' title='bbox 649 3360 713 3411; x_wconf 85' lang='lat' dir='ltr'><strong>milri</strong></span> <span class='ocrx_word' id='word_1_252' title='bbox 731 3362 870 3426; x_wconf 83' lang='lat' dir='ltr'><strong>videatur,</strong></span> <span class='ocrx_word' id='word_1_253' title='bbox 883 3374 1042 3426; x_wconf 85' lang='lat' dir='ltr'><strong>proponere</strong></span> <span class='ocrx_word' id='word_1_254' title='bbox 1061 3375 1117 3413; x_wconf 88' lang='lat' dir='ltr'><strong>non</strong></span> <span class='ocrx_word' id='word_1_255' title='bbox 1133 3359 1272 3412; x_wconf 78' lang='lat' dir='ltr'><strong>differem:</strong></span> <span class='ocrx_word' id='word_1_256' title='bbox 1291 3362 1364 3412; x_wconf 86' lang='lat' dir='ltr'><strong>scri-</strong></span> 
     </span>
     <span class='ocr_line' id='line_1_30' title="bbox 299 3443 1363 3511; baseline -0.002 -14"><span class='ocrx_word' id='word_1_257' title='bbox 299 3447 356 3511; x_wconf 90' lang='lat' dir='ltr'><strong>psit</strong></span> <span class='ocrx_word' id='word_1_258' title='bbox 370 3449 463 3497; x_wconf 83' lang='lat' dir='ltr'><strong>Vsrro</strong></span> <span class='ocrx_word' id='word_1_259' title='bbox 480 3446 570 3496; x_wconf 82' lang='lat' dir='ltr'><strong>libros</strong></span> <span class='ocrx_word' id='word_1_260' title='bbox 587 3444 714 3509; x_wconf 80' lang='lat' dir='ltr'><strong>insignes</strong></span> <span class='ocrx_word' id='word_1_261' title='bbox 730 3445 975 3509; x_wconf 82' lang='lat' dir='ltr'><strong>Logistoricorum</strong></span> <span class='ocrx_word' id='word_1_262' title='bbox 993 3444 1225 3509; x_wconf 60' lang='lat' dir='ltr'><strong>nominantibus</strong></span> <span class='ocrx_word' id='word_1_263' title='bbox 1243 3443 1363 3508; x_wconf 77' lang='lat' dir='ltr'><strong>stragulis</strong></span> 
     </span>
     <span class='ocr_line' id='line_1_31' title="bbox 299 3528 1364 3596; baseline -0.003 -14"><span class='ocrx_word' id='word_1_264' title='bbox 299 3531 397 3582; x_wconf 89' lang='lat' dir='ltr'><strong>titulos</strong></span> <span class='ocrx_word' id='word_1_265' title='bbox 415 3529 490 3579; x_wconf 76' lang='lat' dir='ltr'><strong>reate</strong></span> <span class='ocrx_word' id='word_1_266' title='bbox 505 3529 539 3578; x_wconf 86' lang='lat' dir='ltr'><strong>de</strong></span> <span class='ocrx_word' id='word_1_267' title='bbox 554 3528 697 3593; x_wconf 77' lang='lat' dir='ltr'><strong>heroibus,</strong></span> <span class='ocrx_word' id='word_1_268' title='bbox 711 3531 743 3579; x_wconf 87' lang='lat' dir='ltr'><strong>ut</strong></span> <span class='ocrx_word' id='word_1_269' title='bbox 756 3529 852 3580; x_wconf 80' lang='lat' dir='ltr'><strong>videre</strong></span> <span class='ocrx_word' id='word_1_270' title='bbox 867 3533 913 3581; x_wconf 82' lang='lat' dir='ltr'><strong>est</strong></span> <span class='ocrx_word' id='word_1_271' title='bbox 926 3530 957 3581; x_wconf 91' lang='lat' dir='ltr'><strong>ln</strong></span> <span class='ocrx_word' id='word_1_272' title='bbox 970 3529 1016 3596; x_wconf 83' lang='lat' dir='ltr'><strong>lle,</strong></span> <span class='ocrx_word' id='word_1_273' title='bbox 1031 3542 1103 3593; x_wconf 78' lang='lat' dir='ltr'><strong>quse</strong></span> <span class='ocrx_word' id='word_1_274' title='bbox 1118 3528 1194 3579; x_wconf 84' lang='lat' dir='ltr'><strong>docti</strong></span> <span class='ocrx_word' id='word_1_275' title='bbox 1208 3528 1364 3592; x_wconf 64' lang='lat' dir='ltr'><strong>ments</strong></span> 
     </span>
     <span class='ocr_line' id='line_1_32' title="bbox 299 3612 1365 3678; baseline -0.003 -13"><span class='ocrx_word' id='word_1_276' title='bbox 299 3614 460 3676; x_wconf 81' lang='lat' dir='ltr'><strong>constipare</strong></span> <span class='ocrx_word' id='word_1_277' title='bbox 483 3614 643 3675; x_wconf 83' lang='lat' dir='ltr'><strong>potuerunt.</strong></span> <span class='ocrx_word' id='word_1_278' title='bbox 677 3614 782 3664; x_wconf 80' lang='lat' dir='ltr'><strong>Eorum</strong></span> <span class='ocrx_word' id='word_1_279' title='bbox 805 3625 889 3665; x_wconf 74' lang='lat' dir='ltr'><strong>unum</strong></span> <span class='ocrx_word' id='word_1_280' title='bbox 909 3614 1028 3678; x_wconf 80' lang='lat' dir='ltr'><strong>aliquan</strong></span> <span class='ocrx_word' id='word_1_281' title='bbox 1052 3614 1086 3665; x_wconf 82' lang='lat' dir='ltr'><strong>de</strong></span> <span class='ocrx_word' id='word_1_282' title='bbox 1109 3612 1264 3668; x_wconf 76' lang='lat' dir='ltr'><strong>uersutus</strong></span> <span class='ocrx_word' id='word_1_283' title='bbox 1283 3612 1365 3663; x_wconf 77' lang='lat' dir='ltr'><strong>Anti-</strong></span> 
     </span>
     <span class='ocr_line' id='line_1_33' title="bbox 299 3695 1363 3764; baseline -0.003 -15"><span class='ocrx_word' id='word_1_284' title='bbox 299 3700 452 3749; x_wconf 80' lang='lat' dir='ltr'><strong>damentem</strong></span> <span class='ocrx_word' id='word_1_285' title='bbox 474 3695 638 3760; x_wconf 85' lang='lat' dir='ltr'><strong>inscriptum</strong></span> <span class='ocrx_word' id='word_1_286' title='bbox 661 3696 751 3748; x_wconf 72' lang='lat' dir='ltr'><strong>trisse</strong></span> <span class='ocrx_word' id='word_1_287' title='bbox 772 3697 918 3764; x_wconf 80' lang='lat' dir='ltr'><strong>existimo,</strong></span> <span class='ocrx_word' id='word_1_288' title='bbox 946 3700 1001 3749; x_wconf 81' lang='lat' dir='ltr'><strong>hoc</strong></span> <span class='ocrx_word' id='word_1_289' title='bbox 1025 3702 1117 3749; x_wconf 82' lang='lat' dir='ltr'><strong>autem</strong></span> <span class='ocrx_word' id='word_1_290' title='bbox 1143 3696 1210 3747; x_wconf 90' lang='lat' dir='ltr'><strong>loco</strong></span> <span class='ocrx_word' id='word_1_291' title='bbox 1236 3695 1363 3746; x_wconf 76' lang='lat' dir='ltr'><strong>auctoris</strong></span> 
     </span>
     <span class='ocr_line' id='line_1_34' title="bbox 299 3778 1364 3846; baseline -0.004 -13"><span class='ocrx_word' id='word_1_292' title='bbox 299 3794 399 3833; x_wconf 88' lang='lat' dir='ltr'><strong>nomen</strong></span> <span class='ocrx_word' id='word_1_293' title='bbox 417 3778 556 3832; x_wconf 78' lang='lat' dir='ltr'><strong>Varronis</strong></span> <span class='ocrx_word' id='word_1_294' title='bbox 580 3779 737 3846; x_wconf 78' lang='lat' dir='ltr'><strong>excidisse,</strong></span> <span class='ocrx_word' id='word_1_295' title='bbox 766 3786 815 3831; x_wconf 86' lang='lat' dir='ltr'><strong>sut</strong></span> <span class='ocrx_word' id='word_1_296' title='bbox 839 3783 873 3832; x_wconf 78' lang='lat' dir='ltr'><strong>sb</strong></span> <span class='ocrx_word' id='word_1_297' title='bbox 895 3782 1009 3834; x_wconf 79' lang='lat' dir='ltr'><strong>indocto</strong></span> <span class='ocrx_word' id='word_1_298' title='bbox 1028 3781 1079 3831; x_wconf 84' lang='lat' dir='ltr'><strong>sed</strong></span> <span class='ocrx_word' id='word_1_299' title='bbox 1096 3782 1249 3844; x_wconf 74' lang='lat' dir='ltr'><strong>arrogante</strong></span> <span class='ocrx_word' id='word_1_300' title='bbox 1265 3780 1364 3830; x_wconf 67' lang='grc' dir='ltr'><strong>θηη-</strong></span> 
     </span>
     <span class='ocr_line' id='line_1_35' title="bbox 298 3862 1365 3930; baseline -0.004 -13"><span class='ocrx_word' id='word_1_301' title='bbox 298 3866 400 3917; x_wconf 86' lang='lat' dir='ltr'><strong>matlco</strong></span> <span class='ocrx_word' id='word_1_302' title='bbox 424 3862 556 3915; x_wconf 84' lang='lat' dir='ltr'><strong>omissum</strong></span> <span class='ocrx_word' id='word_1_303' title='bbox 578 3876 658 3930; x_wconf 88' lang='lat' dir='ltr'><strong>esse,</strong></span> <span class='ocrx_word' id='word_1_304' title='bbox 683 3868 714 3916; x_wconf 85' lang='lat' dir='ltr'><strong>ut</strong></span> <span class='ocrx_word' id='word_1_305' title='bbox 731 3869 857 3917; x_wconf 85' lang='lat' dir='ltr'><strong>remotos</strong></span> <span class='ocrx_word' id='word_1_306' title='bbox 875 3865 909 3915; x_wconf 84' lang='lat' dir='ltr'><strong>eb</strong></span> <span class='ocrx_word' id='word_1_307' title='bbox 926 3878 980 3917; x_wconf 87' lang='lat' dir='ltr'><strong>usu</strong></span> <span class='ocrx_word' id='word_1_308' title='bbox 1000 3864 1114 3929; x_wconf 74' lang='lat' dir='ltr'><strong>volgari</strong></span> <span class='ocrx_word' id='word_1_309' title='bbox 1129 3863 1218 3915; x_wconf 83' lang='lat' dir='ltr'><strong>libros</strong></span> <span class='ocrx_word' id='word_1_310' title='bbox 1240 3866 1365 3914; x_wconf 77' lang='lat' dir='ltr'><strong>trsctsre</strong></span> 
     </span>
    </p>
   </div>
   <div class='ocr_carea' id='block_1_5' title="bbox 297 3946 470 4002">
    <p class='ocr_par' dir='ltr' id='par_1_6' title="bbox 297 3946 470 4002">
     <span class='ocr_line' id='line_1_36' title="bbox 297 3946 470 4002; baseline 0 0"><span class='ocrx_word' id='word_1_311' title='bbox 297 3946 470 4002; x_wconf 78' lang='lat' dir='ltr'><strong>videretur.“</strong></span> 
     </span>
    </p>
   </div>
   <div class='ocr_carea' id='block_1_6' title="bbox 0 0 1472 4750">
    <p class='ocr_par' dir='ltr' id='par_1_7' title="bbox 0 0 1472 4750">
     <span class='ocr_line' id='line_1_37' title="bbox 0 0 1472 4750; baseline 0 2"><span class='ocrx_word' id='word_1_312' title='bbox 0 0 1472 4750; x_wconf 95' lang='lat' dir='ltr'><strong> </strong></span> 
     </span>
    </p>
   </div>
  </div>
 </body>
</html>
