2934 4750
193 217 200 224 ¹
286 245 331 308 88
689 258 794 302 carun·
814 257 950 300 narsus.

373 427 533 494 Orationis
554 427 646 492 iacies
665 426 697 490 in
718 425 805 490 libris
815 422 957 508 Menippi
970 428 1003 486 et
1019 421 1053 485 in
1063 420 1213 484 Varronis
1230 420 1262 483 in
1278 420 1361 484 uni-

288 559 411 606 versum
432 557 496 602 non
518 536 607 602 aliter
626 536 746 602 diversa
765 533 886 600 ridetur
908 531 1011 608 inisse,
1025 530 1084 594 nisi
1107 528 1167 594 hoc
1183 549 1260 605 uno,
1275 531 1361 614 qnod

288 756 338 825 λῆς
356 771 385 808 τε
400 749 478 826 αὐτῷ
496 751 584 816 πολύς
602 751 659 808 ἐστι
676 752 724 808 καὶ
742 753 826 818 Βίων,
845 748 882 808 ὅν
898 767 968 819 φησι
984 752 1097 818 πρῶτον
1113 745 1223 802 amasi
1240 745 1361 818 περιβα-

289 843 347 894 λεῖν
365 839 546 906 φιλοσοφίαν
566 833 623 892 ttt'
641 834 716 907 ὅμως
733 835 867 898 πολλάκις
886 837 973 890 εἰπεῖν
989 829 1025 888 ἄν
1042 853 1107 886 τινα
1124 830 1167 887 ἐπ’
1184 830 1255 887 αὐτὸ
1275 834 1361 887 τοῦτο

291 927 348 986 (sic
367 927 477 988 plurimi
494 925 568 989 iique
587 927 681 990 optimi
699 927 773 977 libri.
805 926 841 975 ci.
860 924 980 974 casaub.
999 924 1034 972 ad
1053 924 1077 972 h.
1097 922 1115 972 l.
1133 949 1166 958 -
1184 923 1278 985 Vulgo
1297 937 1361 970 τινα

290 1010 455 1070 antistitum:
486 1005 597 1076 „Oiai
624 1003 657 1062 ἐκ
682 1005 815 1075 ῥακέων
839 999 854 1058 ὅ
879 1004 1002 1065 Βίων;“
1035 999 1081 1055 Ἐν
1104 999 1204 1064 αὐταῖς
1222 999 1275 1070 γὰρ
1296 1005 1361 1063 ταῖς

290 1088 452 1158 ἀποφάσεσι
469 1088 585 1153 ταύταις
608 1090 709 1161 ἱκανὴν
727 1085 878 1146 ἀσθένειαν
896 1086 1028 1156 ἐμφαίνει
1043 1087 1095 1155 τῆς
1115 1083 1219 1140 ἑαυτοῦ
1240 1084 1362 1155 γνώμης·

290 1169 323 1236 ὅς
340 1175 391 1228 τοῦ
411 1172 543 1244 Ζήνωνος
561 1177 611 1230 τοῦ
631 1173 754 1238 Κιτιέως
770 1173 907 1244 γνώριμος
928 1169 1076 1242 γενόμενος
1093 1165 1223 1240 Ἀθήνησι
1239 1167 1291 1224 τὸν
1310 1167 1362 1238 μὲν

290 1255 396 1314 ἐκεῖνον
417 1257 623 1328 διαδεξαμένων
646 1257 764 1322 οὐδενὸς
784 1255 935 1328 μέμνηται·
960 1253 1028 1317 τούς
1045 1249 1070 1308 δ’
1089 1250 1184 1322 ἐκείνῳ
1207 1251 1361 1323 διενεχθέν-

289 1361 356 1411 τας,
379 1342 427 1397 καὶ
446 1337 484 1398 ὦν
501 1343 619 1414 διαδοχὴ
637 1342 755 1412 οὐδεμία
772 1341 900 1408 σώζεται,
925 1338 1043 1402 τούτους
1061 1333 1188 1410 ἆνθῆσαί
1203 1355 1273 1408 φησι
1289 1338 1362 1392 κατὰ

290 1423 342 1481 τὸν
366 1425 468 1497 καιρὸν
493 1425 629 1482 ἐκεῖνον.“
669 1433 711 1483 De
736 1432 885 1484 weicheri
912 1428 1053 1480 sententia
1075 1430 1225 1491 prohemus
1250 1427 1361 1479 omnino

285 1511 423 1579 iudicium
445 1517 518 1579 qriod
535 1517 599 1567 tulit
615 1519 679 1578 hey
694 1517 714 1566 l.
732 1518 768 1583 1.,
787 1514 871 1581 cujus
891 1517 979 1566 rerba
996 1512 1177 1575 apponimw
1203 1511 1362 1578 „welche-

290 1610 339 1649 rus
364 1599 451 1662 igitur
469 1602 615 1662 postquam
636 1603 744 1650 vestem
765 1591 888 1666 ἀνθινὴν
907 1598 1019 1660 Satyris
1040 1596 1182 1660 propriam
1201 1597 1292 1648 luisse
1311 1599 1362 1648 do-

292 1681 363 1745 cuit,
393 1683 427 1732 ab
446 1685 633 1734 Eratosthene
659 1688 738 1746 putat
755 1686 921 1746 Satyrorum
945 1695 1049 1733 morem
1073 1677 1260 1744 significatum
1284 1695 1361 1748 esse,

292 1766 456 1828 quibuscum
473 1767 538 1818 libri
556 1767 650 1818 Bionis
669 1772 786 1831 propter
801 1765 920 1833 jocandi
938 1769 967 1816 et
991 1765 1124 1816 irridendi
1142 1765 1260 1815 andium
1284 1776 1363 1816 com·

291 1851 387 1911 parari
407 1855 535 1914 possent.
571 1855 627 1903 sed
645 1853 685 1904 lta
700 1854 789 1904 veria
801 1853 1006 1903 Eratosthenes
1023 1851 1057 1900 li.
1072 1848 1212 1900 Laertiam
1229 1849 1363 1913 aliasque

292 1931 381 1997 (φασί
397 1930 496 2000 λέγειν)
513 1951 569 1988 non
587 1938 750 2002 accepisse,
769 1937 920 2000 explicatio
942 1934 1008 2002 ejus
1024 1936 1122 1999 docet,
1137 1945 1228 1995 neque
1242 1933 1306 1986 scio
1325 1948 1364 1986 an

292 2017 382 2068 minus
411 2022 490 2070 reete
514 2023 686 2073 Weiskerus
714 2023 914 2085 interpretatus
939 2021 978 2071 sit
1005 2020 1152 2084 corrigens
1180 2007 1235 2066 ἀλλ’
1265 2008 1363 2081 ὁμῶς

292 2101 424 2167 (pariter,
450 2103 607 2168 peraeque)
634 2099 770 2163 πολλάκις
793 2102 880 2155 εἰπεῖν
900 2096 937 2154 ἄν
959 2097 1003 2154 ἐτ’
1021 2093 1110 2153 αὐτοῦ
1133 2103 1181 2162 (de
1204 2101 1268 2164 ipso
1290 2103 1363 2153 Era-

292 2187 421 2236 tosthene
438 2185 557 2253 ejusque
574 2189 654 2240 libris
675 2193 833 2252 exponens)
857 2185 954 2238 τοῦτο·
982 2183 1046 2252 οἴην
1066 2180 1096 2236 ἐκ
1114 2180 1224 2250 ῥακίων
1243 2176 1259 2235 ὁ
1278 2183 1362 2248 Βίαν,

292 2269 373 2332 quasi
398 2271 488 2334 ipsius
515 2274 662 2325 strabonis
689 2276 739 2324 aut
763 2274 857 2324 aliena
888 2275 918 2322 et
948 2273 1035 2335 vulgo
1060 2275 1129 2322 nota
1152 2271 1270 2322 imitatio
1295 2271 1364 2322 dicti

291 2354 487 2409 Eratosthenis
511 2358 541 2409 in
563 2359 677 2409 itionem
695 2357 807 2411 inisset.
841 2357 900 2408 lmo
923 2346 981 2407 ἄλλ’
1000 2347 1077 2420 ὅμως
1094 2371 1120 2407 ιι,
1135 2371 1160 2408 τ.
1177 2354 1201 2407 t.
1223 2361 1364 2409 nunaunt

291 2440 380 2489 verha
396 2443 557 2509 Strabonis,
574 2445 624 2493 sed
639 2444 728 2506 ipsius
745 2441 942 2494 Eratosthenis
960 2454 978 2491 a
992 2442 1130 2491 Strabone
1147 2440 1235 2491 allata
1252 2445 1281 2492 et
1297 2456 1364 2492 sen-

292 2522 381 2573 tentia
398 2530 443 2576 est
455 2529 539 2577 haec:
563 2529 679 2590 Apelles
700 2527 727 2578 ei
745 2527 838 2590 magni
854 2529 900 2575 est
916 2528 946 2575 et
963 2524 1049 2589 ilion,
1068 2525 1279 2587 quamprimum
1295 2527 1364 2576 dixit

291 2605 495 2672 philosophiam
513 2609 614 2662 ilorida
629 2614 708 2662 veste
725 2612 852 2661 induisse
857 2625 868 2673 ;
897 2612 1018 2659 attamen
1039 2621 1127 2671 saepe
1143 2610 1264 2660 tutunus
1286 2623 1363 2675 esse,

292 2691 323 2739 at
341 2692 443 2753 ahquis
461 2694 568 2745 diceret
591 2697 625 2745 ad
650 2697 721 2745 hanc
740 2708 814 2746 rem:
845 2707 927 2757 quam
949 2693 1122 2755 praeclaram
1147 2695 1362 2757 (philosophiam

293 2772 417 2832 exhibet)
434 2788 469 2824 cx
486 2777 586 2836 pannis
602 2772 692 2828 aioni
706 2804 741 2815 -
757 2780 799 2828 De
815 2777 962 2840 parricidis
979 2766 1036 2825 ἀλλ’
1053 2769 1130 2840 ὅμως
1147 2779 1183 2828 ci.
1200 2782 1313 2844 Hooge.
1329 2783 1363 2831 ad

292 2854 391 2920 Vter.
409 2872 436 2918 p.
455 2858 515 2909 iae.
549 2860 594 2911 lta
617 2864 709 2927 patet,
738 2863 875 2924 utromodo
892 2862 1096 2913 Eratosthenes
1120 2863 1157 2912 oh
1179 2864 1251 2913 hanc
1272 2864 1363 2927 ipsam

292 2951 351 2989 rem
369 2953 387 2990 a
402 2943 541 2993 'mirone
560 2946 749 3005 reprehensus
772 2945 822 2995 illa
847 2935 940 2995 ἄνθεα
961 2945 1118 3010 ondens,
1144 2955 1308 3010 quamquam
1328 2950 1363 2998 ad

292 3022 467 3085 dialecticam
484 3026 656 3091 diligentiam
674 3028 763 3079 minus
781 3029 935 3079 convenire
951 3029 1128 3095 viderentur,
1151 3028 1180 3080 in
1197 3032 1282 3081 lande
1297 3033 1365 3084 Bie-

292 3105 337 3157 nis
361 3122 467 3170 ponere
492 3111 624 3174 potuerit.
658 3114 696 3162 At
721 3112 847 3175 quamvis
870 3114 992 3175 Satyros
1009 3114 1158 3165 recondita
1179 3117 1296 3177 quadam
1315 3132 1364 3169 sa·

290 3190 398 3253 pientia
415 3196 587 3247 excelluisse
602 3200 716 3247 veteres
732 3197 964 3260 existimaverint,
982 3210 1045 3247 num
1058 3198 1122 3247 lans
1138 3198 1239 3249 fuisset
1252 3200 1364 3266 Bionis,

292 3275 319 3325 si
332 3279 536 3331 Eratosthenes
553 3294 615 3333 eum
631 3294 692 3333 cum
703 3281 817 3344 Satyris
832 3280 1013 3343 contulisset,
1029 3280 1078 3344 qul
1088 3278 1188 3345 jocosi
1203 3282 1258 3345 ipsi
1272 3286 1365 3347 potis·

292 3357 390 3410 sinum
410 3358 626 3415 deridebantur?
659 3368 756 3427 Neque
769 3362 904 3429 jocosum
931 3363 1022 3414 titisse
1039 3364 1153 3416 Eiouem
1170 3371 1253 3432 puto,
1279 3382 1365 3431 prac-

293 3444 373 3492 terea
391 3457 473 3505 quum
491 3458 636 3496 sermones
655 3459 716 3497 eum
733 3448 817 3512 nigro
838 3450 900 3499 sale
921 3449 1051 3499 conditos
1073 3449 1226 3513 scripsisse
1252 3464 1289 3502 ex
1306 3456 1365 3505 lio-

293 3526 367 3577 ratio
386 3532 556 3591 compertum
571 3530 731 3580 habeamus.
765 3534 942 3595 Quapropter
958 3532 1014 3583 etsi
1026 3534 1183 3585 Welchero
1200 3536 1364 3587 doctissimo

292 3613 502 3676 concesserim,
528 3612 624 3664 Bionis
641 3626 732 3678 genus
752 3616 912 3678 disputandi
929 3615 1020 3667 simile
1039 3618 1130 3668 luisse
1148 3619 1272 3682 uestppi
1291 3620 1365 3671 scri·

292 3694 359 3761 ptis,
379 3698 533 3748 cavendum
550 3700 642 3749 tamen
658 3702 713 3766 cst,
731 3712 768 3749 ne
782 3697 865 3763 justo
881 3701 946 3763 plus
960 3700 1026 3751 iude
1041 3702 1219 3767 colligamus.
1252 3703 1365 3755 Similes

292 3778 364 3829 enlm
383 3780 504 3846 inerunt,
523 3782 621 3845 quippe
638 3796 756 3846 quorum
772 3787 890 3847 uterque
909 3783 1036 3847 Cynicus
1052 3791 1142 3851 esset,
1157 3786 1266 3837 simitu
1281 3788 1365 3839 ctiam

289 3866 406 3925 propter
430 3866 549 3916 studium
573 3866 645 3919 alios
668 3867 826 3934 deridendi,
854 3869 904 3918 sed
922 3881 1014 3931 neque
1034 3871 1068 3920 de
1089 3872 1216 3933 parodiis
1231 3871 1364 3936 archippi,

290 3959 382 4011 neque
400 3950 435 4000 de
452 3952 533 4000 veste
550 3948 615 4015 ejus
633 3948 749 4017 florida,
768 3964 860 4015 neque
878 3954 912 4002 de
929 3952 1111 4005 similitudine
1127 3956 1224 4007 menis
1241 3956 1365 4019 scripte·

291 4044 351 4085 rum
371 4036 420 4085 aut
439 4046 500 4087 cum
518 4034 597 4087 libris
614 4034 752 4100 hienippi,
779 4048 860 4099 qm
877 4040 972 4101 certe,
1002 4037 1028 4088 si
1047 4039 1082 4089 de
1100 4052 1136 4091 ea
1152 4053 1186 4091 re
1207 4043 1363 4103 constaret,
