2934 4750
354 317 385 356 r.
408 316 442 357 u.
466 309 785 359 ranemundus
807 309 986 354 ussrrrsrs.
1166 293 1205 352 ll

137 481 216 568 quod
237 501 276 546 ne
296 481 335 545 de
355 487 496 566 tempore
517 479 657 564 quidem,
683 475 832 562 quamdiu
849 474 907 540 bae
928 475 1110 562 superstites
1130 460 1211 541 me'

136 593 210 669 rint,
239 598 324 656 certo
351 588 445 655 statui
472 595 589 675 potest,
614 607 710 672 qrurm
732 595 816 651 certa
837 584 948 650 indicia
968 585 1073 650 omnia
1098 584 1208 651 desint.

136 701 359 777 Nihilominus,
391 719 489 785 quum
519 697 695 782 singillatim
723 697 820 762 simus
849 696 888 761 dc
915 695 1034 762 Saturis
1060 697 1209 763 Varronis

138 810 372 876 commentaturi
390 815 422 872 et
441 808 611 893 fragmenta
633 825 739 872 earum
759 806 882 883 edituri,
897 828 937 871 ne
952 807 1033 872 lorte
1054 808 1086 870 in
1108 805 1207 870 chro-

138 920 284 1006 nologicis
307 917 539 1004 quaestionibus
566 916 604 981 ad
635 916 702 980 illas
728 914 937 1001 spectantibus
966 918 1069 981 minus
1090 916 1211 982 curiose

138 1031 251 1096 versati
273 1049 339 1093 esse
362 1027 585 1103 insimulemus,
607 1026 710 1112 paullo
734 1025 894 1091 verbosius
916 1025 1130 1112 explicandum
1152 1034 1210 1104 est,

140 1139 214 1226 quid
238 1147 320 1204 certe
341 1137 541 1222 probabiliter
559 1135 653 1202 statui
675 1155 766 1221 posse
787 1135 825 1200 de
845 1135 899 1199 illo
921 1156 958 1199 cx
984 1136 1104 1201 indiciis
1126 1156 1211 1222 qna—

141 1251 342 1334 libuscuuquc
366 1249 465 1315 visum
489 1248 537 1312 sit.

223 1364 328 1444 Atque
354 1358 392 1422 ad
414 1357 507 1424 Gellii
532 1364 564 1421 et
586 1355 682 1422 Nonii
703 1350 845 1419 Marcelli
873 1371 973 1436 nsque
993 1359 1127 1416 aetatem
1148 1375 1210 1417 nc-

141 1469 208 1553 quit
220 1468 377 1545 dubitari,
389 1468 466 1552 quin
485 1485 597 1550 corpus
610 1464 793 1530 Saturarum
810 1461 966 1546 integrum
983 1462 1136 1527 exstiterit
1150 1468 1213 1540 ¹⁹).

140 1577 181 1640 lli
210 1578 294 1640 enirn
314 1577 378 1640 duo
400 1574 600 1640 Grammatici
627 1574 684 1639 soli
714 1570 840 1638 laudant
864 1569 1035 1655 fragmenta
1060 1592 1099 1636 es
1129 1571 1215 1637 libris

142 1699 251 1744 earum
271 1684 427 1768 octoginta
448 1682 583 1761 duobus,
610 1682 704 1748 ceteri
722 1680 840 1748 addunt
856 1680 987 1746 aliamm
1010 1681 1118 1746 titulos
1136 1682 1216 1746 uni-

143 1787 224 1852 versi
251 1796 371 1856 tanturn
397 1792 637 1878 quatuordecIm.
679 1793 783 1858 Etiam
805 1789 859 1877 qui
883 1798 1059 1875 sequuntur
1083 1790 1156 1856 inde
1178 1791 1216 1856 ad

143 1897 243 1982 quinti
259 1921 297 1984 .p.
316 1900 387 1967 Chr.
408 1923 437 1966 n.
463 1903 558 1968 seculi
578 1923 678 1988 usque
705 1903 829 1967 initium
849 1898 1048 1966 Grammatici
1069 1901 1216 1966 Aurelius

143 2008 332 2088 Macrobius,
354 2011 478 2077 Flavius
500 2012 658 2098 Sosipater
679 2011 853 2088 Charisius,
869 2009 1051 2089 Diomedes,
1068 2012 1218 2099 Porphy-

145 2117 191 2182 rio
211 2126 243 2182 et
262 2120 374 2186 lunius
397 2120 620 2208 Philargyrius,
645 2122 824 2206 ubicunque
843 2118 969 2185 laudant
988 2119 1137 2186 Varronis
1154 2122 1220 2186 Sa-

144 2232 244 2304 turae,
275 2229 320 2298 ita
340 2252 462 2317 semper
482 2230 623 2308 laudant,
653 2239 690 2298 ut
714 2232 796 2316 ipsas
823 2229 864 2292 ob
888 2231 996 2294 oculos
1021 2229 1166 2295 habuisse
1188 2238 1221 2295 et

146 2336 289 2404 manibus
311 2340 374 2404 suis
396 2340 517 2408 trivisse
537 2346 691 2427 appareat.

230 2446 325 2513 Novit
357 2430 425 2512 illas
457 2449 550 2513 etiam
584 2447 800 2534 Symmachus,
838 2454 875 2511 ut
907 2446 995 2511 facile
1028 2446 1153 2531 colligas
1183 2469 1222 2514 ex

146 2555 214 2621 loco
241 2556 307 2643 ejus
329 2558 362 2622 L.
382 2558 427 2635 Il,
454 2556 512 2641 Ep.
533 2559 570 2634 l,
601 2558 655 2643 qui
683 2566 769 2625 esta
792 2554 942 2621 Carrione
964 2560 1019 2634 ²⁰)
1041 2556 1159 2641 optime
1181 2557 1223 2623 ita

146 2666 325 2730 restitutus:
344 2665 506 2744 „Studium
529 2666 653 2752 quidem
666 2667 824 2753 Menippei
843 2664 991 2732 Varronis
1013 2666 1151 2745 Imitaris,
1170 2667 1224 2732 sed

146 2774 246 2839 vincis
268 2774 442 2859 ingenium:
473 2796 544 2841 nam
565 2796 644 2861 quac
672 2777 704 2841 in
733 2784 886 2840 nostrates
908 2774 990 2840 siros
1016 2795 1100 2840 nunc
1126 2796 1225 2863 nup«

148 2883 255 2949 condis
283 2886 519 2970 epigrammata,
551 2894 627 2972 puto
648 2885 873 2951 Hebdomadon
901 2882 1009 2970 elogiis
1037 2886 1225 2971 praenitere;

149 2994 233 3079 quod
259 2994 335 3061 haec
362 3016 460 3082 aeque
484 2996 601 3072 sobria,
631 3015 687 3060 nec
706 3002 811 3060 tamen
831 3015 918 3058 casca
940 3001 1021 3059 sunt.
1064 2993 1120 3059 Illa
1142 2993 1226 3063 bono

151 3105 276 3170 metallo
304 3126 377 3171 cusa
405 3112 496 3171 torno
526 3105 606 3189 exigi
638 3105 823 3171 nescierunt.
865 3103 908 3167 Et
934 3102 1093 3169 duriorem
1119 3113 1226 3171 mate-

222 3274 266 3329 19)
282 3275 315 3321 A.
327 3273 411 3323 Gellii
426 3274 595 3324 bibIIotbeca
612 3274 752 3335 gaudebat
768 3273 972 3333 exemplaribus
989 3277 1135 3335 spectatae
1150 3273 1225 3328 fidei.

153 3356 226 3405 Gell.
245 3356 277 3403 N.
297 3357 330 3403 A.
348 3356 431 3419 XIII,
451 3356 509 3419 so,
532 3357 604 3417 quod
623 3356 694 3405 idem
713 3357 747 3406 de
763 3355 848 3405 Nouii
864 3354 959 3420 libris,
978 3356 1078 3420 quibus
1094 3372 1163 3411 usus
1182 3367 1227 3413 est

152 3439 182 3489 iu
201 3438 396 3488 concinnando
416 3450 468 3489 suc
488 3450 587 3505 opere,
613 3436 746 3489 affirmari
764 3437 875 3503 nequit:
900 3443 933 3489 nt
951 3443 995 3490 vel
1014 3452 1049 3491 cx
1074 3456 1109 3493 eo
1129 3447 1227 3511 colligi

151 3524 229 3585 lieet,
247 3523 320 3584 quod
339 3522 412 3573 inter
428 3526 566 3574 certarum
582 3526 750 3586 damnandam
765 3527 928 3575 saturarum
943 3525 1111 3592 fragmenta,
1129 3535 1160 3581 nt
1175 3532 1229 3583 Bt-

153 3608 261 3672 alorci,
280 3600 505 3672 Κοσμοτορύνης,
523 3622 551 3657 π.
573 3606 689 3671 dilapsis
706 3602 832 3673 Ko'epcv,
851 3608 984 3661 Mutuum
1000 3610 1076 3664 Mula·
1088 3615 1227 3683 scebant,

154 3704 183 3739 π.
201 3684 365 3755 Χωρισμοῦ,
379 3690 489 3756 Medii,
505 3692 637 3755 aliarum,
653 3694 739 3742 nrrrlto
758 3694 840 3754 plura
855 3696 987 3744 mendose
1006 3698 1128 3748 exhibita
1145 3713 1229 3761 repe-

155 3774 274 3839 riuntur,
296 3786 376 3835 qrram
394 3777 488 3825 solent
504 3776 533 3824 in
550 3776 678 3838 reliquis.
712 3778 809 3839 Neque
827 3789 943 3827 acumen
962 3783 1007 3829 est
1023 3782 1121 3847 Nonll,
1140 3798 1229 3846 neque

156 3858 302 3921 diligentis
319 3858 400 3907 valde
423 3860 579 3924 laudanda,
611 3871 664 3923 qua
688 3858 890 3923 Interpretatns
912 3865 958 3913 cst
974 3866 1114 3917 Varronis
1136 3868 1229 3917 locos.

156 3942 291 4003 Exempla
314 3941 375 3991 eius
398 3942 588 4007 negIIgentiae
613 3944 742 3995 invenies
764 3945 838 3995 infra
856 3946 960 4012 Apolli.
983 3950 1052 4000 tna
1076 3952 1104 4000 ln
1123 3952 1230 4015 Secap.

158 4025 193 4075 tr.
212 4025 255 4075 18.
282 4025 311 4075 in
331 4026 433 4091 Saepo.
456 4028 491 4078 tr.
509 4028 534 4077 8.
558 4028 606 4078 nbi
624 4042 651 4078 v.
672 4041 725 4079 nos
744 4029 774 4078 in
790 4029 898 4079 adnott.
1008 4062 1012 4065 -

229 4111 275 4167 ²⁰)
294 4107 423 4160 Carrion.
442 4112 597 4163 Emendatt.
615 4113 653 4175 II,
671 4112 714 4161 19.
753 4114 860 4170 (Latet.
879 4113 969 4162 Paris.
988 4114 1080 4172 1183.)
