2934 4750
270 267 313 328 24
671 283 775 328 curor
802 283 936 328 amnon.

358 450 479 516 Scimus
500 449 588 516 aliter
607 469 706 537 nuper
723 472 791 516 esse
807 449 976 537 judicatum
1001 449 1107 515 otico
1131 450 1336 518 eruditissimo
1456 544 1457 551 ἵ

271 561 311 624 K.
330 561 380 624 Fr.
402 561 589 638 Hermanno,
612 561 666 646 qui
685 561 718 644 in
739 560 945 646 disputatione
963 580 1029 637 sua,
1046 565 1141 646 quam
1160 561 1283 646 scripsit
1299 562 1335 626 dc
1456 562 1457 643 ξ

272 669 389 735 Satirao
418 671 575 735 Romanae
605 678 730 736 auctore
758 677 807 750 ⁰),
842 690 934 735 omne
966 676 1116 754 quantum
1144 690 1163 733 a
1188 669 1335 736 Diomede

272 779 365 844 Ennii
389 779 517 846 Saturae
537 780 692 846 tribuatur
715 779 876 865 proprium
899 786 993 864 atquo
1014 779 1213 864 praecipuum
1233 782 1337 846 statuit

272 888 355 951 cerni
376 889 408 952 in
428 883 492 955 ¹sola
512 890 564 955 illa
584 898 795 956 metrorum
811 888 1087 974 uarietate,qua
1103 888 1191 954 valde
1206 890 1335 975 conspi-

272 1017 361 1062 cuam
376 998 468 1064 fuisse
487 999 570 1064 illam
593 1007 659 1066 tum
681 1021 719 1064 ex
742 999 838 1085 ipsius
860 996 1000 1082 reliquiis
1018 1003 1194 1076 cunctati),
1211 1006 1280 1064 tum
1300 1020 1335 1064 ex

273 1108 341 1173 loco
353 1107 562 1188 Quinctilium,
577 1130 671 1196 quem
693 1108 772 1173 inira
793 1107 995 1174 laudabimus
1029 1107 1114 1186 Quid
1136 1107 1253 1191 igitur?
1274 1109 1336 1174 vuit

271 1216 380 1282 tollere
399 1239 523 1284 omnem
540 1219 712 1305 argumenti
730 1219 909 1285 varietatem
924 1217 958 1282 in
969 1217 1088 1283 Saturis
1096 1216 1201 1294 Ennii,
1218 1218 1340 1282 solam·

272 1347 332 1412 que
355 1327 488 1394 retinere
510 1337 688 1396 metrorum.
730 1332 775 1394 At
794 1348 869 1394 vero
888 1326 1073 1392 iudicarituc
1087 1327 1147 1392 boc
1162 1327 1336 1406 Diomedes,
1456 1362 1457 1381 ι

272 1434 426 1502 affirmans
451 1439 544 1503 Ennii
568 1439 709 1504 Saturam
730 1438 900 1503 carmina
918 1445 951 1502 et
971 1445 1147 1523 poemata
1167 1437 1287 1503 muita
1307 1445 1336 1502 et

273 1547 375 1611 varia
396 1547 685 1632 comprehendisse?
712 1549 822 1625 Immo,
842 1548 868 1612 si
890 1555 973 1612 recto
993 1547 1059 1633 ejus
1074 1548 1167 1614 rerba
1185 1547 1336 1632 inteiligi-

273 1675 356 1731 mus,
380 1664 632 1740 argumentorum
652 1656 778 1744 quidem
798 1657 943 1722 statuit
960 1656 1059 1736 iliam,
1083 1665 1254 1723 metrorum
1275 1678 1337 1722 non

273 1763 411 1829 exclusit
461 1764 613 1843 Quocirca
641 1767 784 1832 malimus
809 1766 953 1832 assedere
975 1768 1146 1833 sententiae
1172 1789 1190 1833 a
1217 1769 1251 1831 P.
1279 1788 1337 1836 van

272 1872 399 1938 Heusde
423 1895 521 1958 nuper
541 1876 676 1960 prolatae
697 1877 729 1942 in
750 1876 867 1943 Studiis
880 1876 956 1942 Crit.
972 1877 1012 1942 ad
1034 1877 1068 1943 C.
1080 1876 1231 1943 Lucilium
1252 1895 1338 1961 poe-

272 1989 352 2059 tam,
383 1984 437 2069 qui
458 1985 669 2051 Enniauarum
697 1994 838 2052 naturam
864 1987 907 2051 ita
931 1985 1051 2064 definit,
1083 1995 1120 2052 ut
1146 1985 1340 2050 constiterint

273 2093 465 2176 poematibus
505 2097 585 2172 ,sice
619 2099 837 2162 titvmctiooibtu
866 2098 993 2183 poeticis
1024 2097 1111 2161 modo
1146 2096 1339 2171 brevioribus,

271 2203 358 2266 nwdo
380 2204 579 2289 lonpt'oribas,
599 2207 686 2272 modo
707 2209 811 2283 seriis,
831 2208 919 2272 modo
934 2207 1060 2291 jocosus,
1080 2207 1168 2271 modo
1187 2206 1338 2292 procidas,

271 2311 357 2378 modo
378 2315 570 2395 scurrilibus,
596 2318 683 2383 ccede
705 2317 746 2383 od
766 2316 966 2393 lcudccdmn,
992 2315 1080 2383 modo
1106 2316 1148 2381 cd
1170 2315 1339 2402 repreben-

272 2422 401 2509 emtum
417 2429 599 2515 compositos,
620 2428 804 2493 aedoeon
825 2438 858 2491 et
876 2427 1042 2491 vinculis
1062 2426 1283 2490 1111110111.ΙΙ
1306 2431 1338 2503 ⁸)

271 2533 350 2599 Sunt
378 2536 460 2602 onim
488 2535 564 2601 haoo
591 2556 662 2602 rere
690 2538 819 2603 omuino
839 2535 973 2623 judicata
1000 2556 1019 2600 e
1047 2534 1114 2599 viro
1137 2534 1170 2598 in
1202 2534 1251 2599 bis
1279 2556 1337 2599 ro-

270 2642 329 2708 bus
351 2645 467 2731 siquis
490 2645 568 2713 alius
593 2654 626 2711 et
653 2654 743 2712 acuto
770 2655 803 2713 ct
824 2646 988 2731 diiigenter
1011 2651 1148 2726 percote,
1179 2664 1237 2709 uec
1259 2643 1339 2709 maie

271 2770 342 2815 cum
369 2752 406 2815 iis
433 2755 591 2833 convenit,
619 2755 658 2820 dc
682 2776 747 2841 quo
770 2775 870 2840 nuper
894 2754 1008 2839 ambigi
1032 2762 1191 2840 coeptum,
1223 2752 1340 2819 scilicet
1458 2813 1459 2864 p

271 2858 366 2923 libros
380 2859 490 2939 Ennii,
512 2862 566 2945 qui
588 2864 701 2947 passim
722 2862 804 2947 apud
821 2862 1043 2929 Grammaticos
1064 2862 1258 2947 adlegantur,
1281 2863 1339 2927 in·-
1458 2917 1459 2936 ,

272 2967 400 3052 scriptos
438 2970 596 3055 Pboqctico
634 2972 681 3037 vel
722 2972 976 3059 Hedypbopetico,
1023 2974 1204 3059 Praecepto,
1249 2972 1338 3036 Pro·-

270 3080 434 3165 trcptt'cum,
451 3078 562 3158 Solam,
580 3086 612 3158 ⁹)
632 3080 761 3147 sortasse
781 3090 813 3147 et
834 3082 910 3147 alios
931 3082 1095 3170 quosdam,
1114 3088 1217 3168 partes
1238 3079 1339 3146 Satu—

270 3249 294 3299 0.
322 3249 380 3317 170,
400 3249 442 3300 10.
466 3250 587 3319 110,11.
616 3254 659 3303 ed.
683 3256 771 3305 Mero.
788 3254 890 3319 ubique
910 3253 997 3304 citant
1014 3253 1096 3304 Ennii
1112 3253 1339 3318 „Saturarum

269 3334 414 3386 libros“.

340 3423 367 3477 ⁶)
387 3421 529 3483 Marbrug.
547 3421 624 3471 1811.
644 3422 669 3471 1.
689 3435 716 3483 p.
735 3421 839 3472 11117.
858 3422 900 3471 11.
918 3448 952 3458 -

339 3504 367 3567 ¹)
389 3517 416 3552 v.
435 3502 556 3553 cesano.
572 3506 625 3554 1.1.
643 3518 670 3567 p.
686 3505 737 3554 108
754 3519 796 3569 sq.

338 3588 365 3645 Β)
384 3602 410 3636 v.
423 3587 534 3637 Heusde
549 3589 569 3637 l.
583 3590 602 3637 l.
621 3602 648 3651 p.
662 3588 832 3653 010111.-
842 3590 1074 3652 Argumeatorum
1093 3602 1224 3640 summam
1242 3589 1340 3639 varie·

269 3673 353 3720 tatem
377 3674 563 3722 concesserat
586 3673 721 3723 Ennianis
752 3674 834 3724 etiarn
861 3670 1048 3724 casaubonus
1069 3674 1089 3722 1.
1114 3675 1134 3723 1.
1163 3674 1287 3739 ,stacta
1307 3674 1341 3723 to

268 3765 357 3818 opere
375 3768 432 3805 non
450 3757 537 3807 nimis
555 3758 641 3823 lonpo
658 3760 818 3809 metrorum
835 3757 1015 3818 divorcium
1038 3769 1101 3809 nec
1120 3759 1258 3809 tactum
1272 3768 1341 3807 mc-

269 3839 419 3904 trorum,
439 3842 500 3893 sed
519 3843 625 3893 ettam
646 3837 968 3908 ccpomcntcrcmf‘

337 3922 365 3982 ⁹)
385 3921 427 3976 01.
438 3926 557 3975 Lerscb.
575 3924 604 3975 iu
619 3928 691 3977 Mus.
705 3927 792 3975 Rben.
807 3926 844 3987 V,
862 3938 889 3987 p.
905 3924 956 3973 100
966 3937 1028 3987 sqq.
1046 3923 1122 3975 Dicr.
1138 3926 1244 3988 outho.
1259 3922 1340 3975 ¹8³7.

267 4022 292 4070 p.
312 4006 388 4059 1017.
418 4008 612 4060 1011110111.
631 4010 743 4072 Antiqu.
762 4008 829 4057 1810
854 4021 881 4071 p.
900 4008 960 4058 ³94.
985 4010 1079 4059 Herm.
1097 4010 1117 4058 1.
1139 4011 1159 4059 1.
1183 4024 1210 4071 p.
1234 4009 1278 4059 tt.
1303 4034 1343 4047 -

268 4094 301 4144 G.
318 4094 480 4161 Bernhardy
497 4092 526 4145 iu
543 4093 615 4145 ssiat.
632 4092 688 4145 [alt.
706 4095 785 4145 Rom.
804 4106 830 4157 p.
850 4091 910 4142 tit.
928 4106 956 4147 n.
975 4090 1035 4143 100.
1051 4118 1085 4136 -η
