2934 4750
295 256 340 318 ts
697 274 800 319 carun
822 274 957 320 ramum.

298 442 417 510 Saturis
440 441 594 508 imitatum
616 463 683 509 esse
705 443 801 512 iihros
818 442 959 531 Menippi
979 441 1099 530 Cynici,
1120 443 1290 524 Gadareni,
1310 450 1369 534 qui

295 568 499 640 σκουᾱογειοιῳ
521 574 578 621 suo
600 552 753 620 scribendi
771 575 884 640 genere
905 554 981 621 olim
1004 553 1085 620 inter
1098 553 1233 621 Graecos
1251 555 1367 624 denuit

295 666 344 731 De
359 685 420 750 qua
432 663 603 730 imitatione
615 661 1178 750 praeterGeiiium,l.lI‚c18.,etiam
1192 665 1258 751 ipse
1264 668 1365 734 Varro

294 775 506 840 testimonium
528 774 602 839 dicit
621 774 654 838 in
671 774 829 840 Ciceronis
838 773 1090 840 Academicorum
1112 774 1174 854 hl,
1197 797 1222 840 c
1241 777 1280 854 2,
1298 779 1364 858 uhi,

295 892 459 971 postquem
482 884 520 950 de
542 883 762 971 philosophicis
788 884 852 951 suis
874 883 984 951 studiis
1006 884 1203 951 memoravit:
1226 888 1287 964 „Et
1306 900 1364 954 to—

294 1018 375 1075 men,
409 996 525 1083 inquit,
556 997 591 1060 io
617 995 677 1059 ate
702 995 847 1060 actoriden
872 995 998 1072 nesah,
1030 1016 1124 1080 poce
1144 994 1365 1085 Menippum

293 1107 453 1185 imitati,
480 1127 556 1171 noo
576 1105 841 1192 interpretati,
866 1104 996 1191 quaem
1016 1104 1166 1170 aeneos
1185 1110 1362 1194 comperti-

290 1238 372 1294 mus,
396 1217 490 1281 mette
510 1216 637 1281 mmtstc
657 1238 696 1280 ex
717 1215 824 1280 inteioo
840 1213 1046 1301 pantapte,
1074 1215 1168 1280 meite
1183 1216 1264 1283 dicto
1282 1219 1361 1284 deie—

291 1328 407 1394 lectice‘
425 1334 496 1392 cett
537 1325 685 1412 Apertius
707 1323 845 1409 loquitur
861 1323 972 1388 tertius
991 1322 1080 1389 testis
1098 1323 1219 1391 Probus
1239 1328 1361 1414 Virgilii

290 1438 443 1524 interpres
464 1435 503 1502 ad
523 1436 588 1501 Eoi.
609 1436 668 1513 VI,
693 1456 720 1500 v.
741 1434 945 1512 {tlt-„Varro
965 1433 1143 1520 Memppeao
1160 1456 1223 1501 oco
1243 1461 1263 1502 c
1285 1460 1360 1504 mo-

288 1550 397 1634 qistro,
420 1549 505 1630 cupies
522 1556 602 1610 octos
622 1545 708 1628 lmspe
717 1555 935 1631 praecesserat,
960 1544 1147 1621 moecatur,
1171 1547 1236 1611 sed
1255 1570 1276 1612 o
1292 1571 1357 1615 so-

290 1658 427 1721 cietati
450 1655 614 1740 inpendi,
639 1653 734 1740 qood
754 1655 788 1718 is
807 1676 951 1740 quoque
971 1654 1171 1739 omoipeoo
1190 1660 1359 1725 carmine

288 1764 440 1832 Satires
466 1785 557 1828 eccs
586 1763 852 1850 sepeliverat.“
894 1762 955 1828 Sed
981 1760 1040 1826 hoc
1065 1783 1173 1828 verum
1199 1786 1267 1830 esse
1300 1767 1357 1833 in-

289 1873 369 1938 fitias
391 1872 415 1939 it
429 1872 666 1952 Q‘uinctiiienus,
688 1871 914 1937 condidisse
927 1872 1099 1937 Varronem
1118 1893 1213 1957 geom
1227 1873 1357 1943 Saturae

288 1989 435 2058 testatus3
456 1981 541 2068 quod
561 1981 676 2047 scilieet
697 1982 826 2047 verbum
849 2003 912 2046 non
933 1988 1055 2068 poterat
1078 2002 1227 2070 usurpare
1247 1982 1287 2049 dc
1308 2007 1357 2065 eo,
1435 1997 1449 2027 ·

288 2091 343 2178 qui
358 2091 458 2156 atiena
474 2091 587 2177 scripta
602 2091 644 2157 ita
660 2099 708 2157 est
722 2075 869 2171 imitatam,
882 2100 919 2164 ut
934 2091 1087 2157 imitatum
1100 2092 1271 2158 Varronem
1287 2114 1355 2161 esse

287 2201 382 2267 libros
402 2200 544 2288 Menippi
572 2202 693 2268 Probus
721 2202 849 2268 indicat:
882 2201 940 2266 nisi
964 2200 1043 2266 sorte
1070 2201 1151 2266 iliius
1177 2202 1270 2268 verha
1297 2203 1355 2270 hoc

286 2311 380 2392 modo
399 2312 594 2400 interpretari
613 2312 699 2391 velis,
720 2321 868 2400 tanquam
890 2311 997 2378 inter
1011 2312 1201 2378 Romanos
1220 2312 1354 2399 primum

285 2422 378 2488 fuisse
395 2424 566 2504 Varronem
587 2423 676 2504 dicat,
696 2425 751 2513 qui
768 2424 898 2491 Saturae
913 2422 942 2487 ei
962 2421 1066 2507 generi
1084 2443 1210 2508 oporam
1227 2422 1354 2489 dederit.

284 2533 371 2598 Hanc
392 2542 496 2600 tamen
514 2535 698 2601 sententiam
720 2555 822 2613 nemo,
843 2533 962 2620 opinor,
981 2531 1069 2596 Fabii
1089 2532 1191 2597 verbis
1211 2532 1352 2599 inculco-

283 2641 344 2736 bit,
373 2644 427 2729 qui
455 2646 545 2723 sciet,
574 2644 649 2730 quid
672 2645 712 2709 sit
732 2653 871 2710 veterum
893 2641 1077 2726 scriptorum
1098 2640 1191 2707 verha
1213 2648 1352 2708 tractare.

283 2720 349 2816 Mac
371 2753 467 2836 magis
488 2761 632 2838 putemus
651 2754 827 2840 quempiam
847 2752 927 2829 iore,
952 2750 1005 2834 qui
1024 2749 1207 2835 Menippum
1229 2759 1352 2837 poetam

284 2858 383 2925 iacere
403 2868 457 2927 aut
476 2861 732 2947 satirographum
754 2863 884 2947 probare
905 2880 976 2926 cum
998 2859 1101 2924 Probo
1124 2859 1230 2938 veliet,
1254 2882 1351 2947 quum

284 2970 420 3035 carmina
455 2970 608 3057 pepigisse
641 2992 714 3037 eum
749 2992 850 3057 neque
880 2970 958 3037 alius
988 2976 1128 3036 veterum
1165 2970 1351 3057 scriptemm

283 3079 446 3167 quisquam
473 3079 648 3160 tradiderit,
675 3101 776 3167 neque
802 3080 950 3145 indicium
980 3085 1081 3145 exstet
1106 3078 1215 3145 ullum.
1265 3079 1351 3159 Quin

280 3190 373 3256 etiam
398 3190 493 3257 lihros
515 3191 655 3279 Menippi
679 3190 759 3256 maie
779 3211 846 3255 esse
867 3188 993 3254 Saturus
1012 3189 1179 3275 appellatas
1197 3208 1215 3251 a
1236 3188 1351 3267 Probo,

277 3302 340 3387 jam
373 3302 447 3367 oiim
477 3319 498 3366 a·
528 3300 712 3369 Casauhono
741 3299 984 3366 demonstratum
1014 3307 1062 3364 est
1086 3304 1148 3376 ι3).
1193 3298 1351 3384 Negamus

280 3410 375 3495 igitur
392 3410 485 3475 tidem
502 3410 552 3473 isti
574 3410 798 3487 Grammatico,
821 3408 905 3495 quod
928 3408 1093 3494 omnigeno
1117 3408 1253 3473 carmine
1276 3430 1350 3475 suos

281 3518 376 3583 libros
394 3517 577 3604 expolivissc
590 3518 773 3605 Menippum
795 3527 828 3585 et
839 3520 1011 3585 Varronem
1032 3519 1187 3585 imitatum
1205 3518 1238 3583 iu
1256 3538 1292 3582 ea
1315 3539 1349 3583 re

280 3648 353 3694 eum
375 3648 442 3693 esse
464 3627 631 3694 contendit
663 3628 723 3695 Sed
746 3629 784 3695 de
803 3637 936 3715 utraque
954 3650 988 3695 re
1007 3649 1090 3695 nunc
1104 3635 1157 3694 est
1176 3628 1348 3694 accuratius

279 3737 562 3808 demonstmndum.

362 3849 410 3915 De
429 3849 576 3915 tredecim
596 3850 696 3929 libris,
727 3869 806 3935 quos
825 3848 1041 3935 conscripsisse
1058 3847 1242 3933 Menippum
1261 3846 1348 3912 Dio-

346 4099 390 4160 ιε)
410 4097 452 4151 cs.
472 4096 593 4151 casana.
611 4099 630 4148 1.
646 4100 664 4149 ι.
684 4112 709 4162 n·
728 4098 778 4149 ²⁰³
795 4109 854 4159 ΜΝ·
874 4121 908 4134 ··
