2934 4750
375 951 583 1031 carus
638 949 964 1059 QUARTUM.

452 1081 494 1130 lle
515 1082 679 1131 charactere
696 1079 885 1130 Varronlano.

593 1201 747 1210 ...ᾐ-

132 1293 296 1386 Varronis
314 1321 442 1387 Saturae
461 1323 552 1388 iacies
572 1333 726 1409 quatenus
744 1342 814 1388 cum
833 1320 930 1384 altero
949 1337 1060 1402 genere
1080 1315 1201 1380 discre-

130 1427 249 1512 puerit,
275 1430 350 1496 satis
370 1432 557 1518 explicatum
578 1453 646 1497 esse
669 1432 802 1497 arbitror
824 1431 856 1494 in
878 1429 979 1516 primo
999 1426 1090 1512 hujus
1108 1445 1202 1490 com-

130 1539 333 1604 mentationis
359 1543 467 1627 capite.
511 1541 694 1608 Accedimus
721 1561 803 1606 nunc
824 1540 862 1605 ad
886 1539 1014 1604 alteram
1038 1535 1202 1624 quaestic-

128 1648 181 1712 nis
208 1655 328 1732 partem
350 1658 383 1718 ct
408 1650 609 1729 disseremus,
643 1651 797 1738 quodnam
820 1648 1015 1736 potissimum
1037 1645 1199 1712 consilium

127 1758 232 1822 Varro
252 1757 284 1823 in
303 1758 390 1827 libris
405 1760 584 1828 Saturarum
604 1761 832 1827 conscribendis
851 1765 976 1825 secutus
995 1778 1063 1823 esse
1085 1754 1198 1821 videa-

127 1876 197 1945 tur,
218 1868 310 1934 simul
334 1872 438 1936 omnia
461 1893 498 1937 ea
515 1872 768 1958 complectemur,
800 1892 880 1959 quae
902 1869 940 1935 ad
967 1887 1072 1934 earum
1093 1866 1198 1932 ratio-

128 1997 202 2042 nem
219 1977 430 2047 illustrandam
451 1992 609 2069 praeterea
631 1984 664 2047 in
685 1982 821 2049 medium
844 1980 974 2067 proferri
995 1984 1134 2065 possunt.

212 2087 328 2156 Notum
350 2113 389 2156 ex
411 2093 458 2170 iis,
477 2115 556 2179 quae
574 2113 667 2179 supra
689 2094 844 2180 disputata
866 2097 948 2167 sunt,
972 2089 1144 2155 Varronem
1165 2087 1197 2151 in

128 2193 246 2264 Saturis
267 2200 421 2268 imitatum
443 2223 510 2268 esse
531 2203 715 2290 Menippum
735 2201 897 2287 Cynicum,
913 2212 1118 2282 οποοδογολοίῳ
1140 2215 1196 2260 suc

128 2307 282 2373 scribendi
303 2329 416 2393 genere
437 2311 518 2377 iuter
537 2312 673 2379 Graecos
691 2309 849 2398 quondam
872 2305 1082 2370 clarissimum.
1125 2305 1197 2371 Ne-

127 2418 268 2502 gavimus
288 2438 356 2484 eam
379 2419 582 2485 imitationem
601 2421 697 2485 ullam
717 2415 926 2506 quaerendam
947 2434 1015 2479 esse
1041 2414 1073 2477 in
1100 2413 1196 2477 mixto

126 2548 240 2611 genere
264 2527 430 2607 orationis,
460 2549 523 2615 quo
550 2529 666 2594 scilicet
690 2528 772 2594 illius
795 2546 920 2614 quoque
946 2522 1039 2589 libros
1062 2522 1196 2608 insigues

125 2635 222 2703 luisse
240 2637 362 2703 Probus
383 2648 577 2705 commentus
596 2647 676 2717 erat,
700 2647 732 2703 et
757 2636 939 2703 accessimus
961 2634 1001 2700 Is.
1021 2632 1195 2701 Casauboni

126 2747 299 2813 sententiae
328 2750 505 2826 statuentis,
538 2748 738 2835 ,Menippeas
765 2770 782 2813 a
812 2748 952 2814 Varrone
980 2744 1075 2811 dictas
1101 2744 1195 2810 luisse

127 2855 253 2922 Santrae
274 2877 346 2923 suas
367 2866 493 2945 propter
515 2860 614 2925 simile
637 2858 791 2946 quoddam
810 2856 1010 2945 jucunditatis
1030 2864 1194 2940 tempera-

127 2973 266 3034 mentum
286 2968 319 3031 in
338 2970 466 3035 materia
486 2991 549 3036 nou
572 2971 722 3050 dissimili,
744 2966 827 3037 unde
850 2990 912 3034 non
934 2967 989 3033 abs
1010 2986 1043 3031 re
1061 2974 1193 3050 uterque

127 3075 176 3140 hic
206 3077 337 3164 scriptor
363 3093 578 3164 σπουδογέλοιος
608 3088 639 3145 et
667 3081 781 3167 scripta
811 3078 973 3144 amborum
1001 3073 1194 3163 philosophia

126 3185 230 3251 ludeaa
249 3186 368 3274 possint
388 3197 594 3274 nuncupare.“
636 3189 747 3274 Neque
769 3188 879 3253 lalsum
903 3186 978 3259 h0c;
1010 3184 1124 3268 quippe
1147 3182 1193 3247 li-

126 3295 254 3361 brorum
280 3296 443 3381 utriusque
468 3304 649 3380 argumenta
671 3296 804 3360 maxime
825 3316 864 3359 cx
883 3290 1077 3379 philosophia
1099 3290 1194 3377 petita

125 3405 222 3472 hsisse
246 3410 365 3469 certum
388 3412 443 3469 est
485 3406 534 3470 De
549 3405 700 3491 Menippo
722 3404 848 3491 quidem
872 3402 903 3467 id
925 3401 1105 3487 comprobat
1121 3402 1192 3467 Lu-

125 3514 247 3592 cianus‚
281 3512 395 3600 quippe
418 3514 471 3599 qui
497 3514 634 3601 pmlecto
661 3515 693 3580 in
721 3513 850 3600 dialogis
870 3512 934 3580 suis
957 3510 1105 3599 Cynicum
1130 3535 1192 3580 non

125 3623 242 3710 ubique
266 3620 443 3709 dogmatum
473 3624 756 3713 philosophicorum
782 3633 930 3713 tanquam
952 3624 1109 3691 irrisorem
1135 3624 1191 3689 in-

125 3733 323 3812 troduxisset,
343 3734 403 3800 nisi
423 3736 450 3800 si
471 3736 503 3800 in
523 3736 589 3823 ejus
611 3736 709 3822 ipsius
727 3736 813 3802 libris
833 3736 943 3803 similia
967 3735 1092 3803 ethaeo
1113 3736 1191 3818 qui·

127 3842 195 3909 dem
224 3842 365 3909 similiter
386 3852 515 3910 tractata
543 3844 680 3912 fuissent
723 3847 926 3926 Quinetiam
953 3847 1091 3933 ipsorum
1114 3846 1192 3910 Me·-

127 3952 213 4040 uippi
236 3952 420 4039 scriptorum
444 3955 555 4040 partim
584 3956 665 4037 tituli
693 3964 724 4020 ct
747 3955 916 4043 fragmenta
938 3978 995 4044 pro
1015 3953 1192 4021 testimonio

129 4070 209 4142 sunt,
229 4062 255 4129 si
277 4062 403 4157 quidem
425 4063 603 4138 Athenaeus
621 4066 640 4131 l.
658 4066 751 4146 XIV„
772 4066 1006 4153 pithimum
1029 4059 1131 4128 laudat
1154 4058 1191 4123 ali
