2934 4750
275 300 340 365 114
611 321 645 361 ιι.
667 318 821 363 rnnnsu
843 318 1001 363 vsuoms
1036 314 1039 319 ’

296 488 325 551 5.
359 488 443 551 Dum
464 504 607 551 sermono
628 484 788 551 coenulam
809 484 973 561 variamus,

359 596 500 674 ‚Jntcrea
517 595 620 661 tonuit
635 594 714 659 hene
734 600 917 678 tempestate
943 598 1078 659 serendi

295 705 324 770 6.
359 705 498 771 Divitum
517 704 680 790 amphoras
701 701 740 768 ad
761 722 956 769 communem
977 708 1100 770 revocat
1121 700 1287 767 matellam.

296 816 325 880 ἰ
359 814 409 880 Sic
432 814 469 879 ad
491 834 546 882 vos
566 813 657 879 citius
676 813 822 899 opinione
839 812 1071 879 vertiiabundus
1090 810 1184 875 miser
1207 809 1314 875 decidi.

295 923 324 990 8.
357 925 398 990 Ut
415 924 606 990 Mercurium
624 922 767 989 Aroaddn
788 922 941 1005 colonum.

342 1075 367 1123 1.
402 1074 455 1136 Δρ.
472 1074 543 1123 Non.
562 1087 588 1134 p.
607 1071 653 1138 47,
672 1073 698 1121 7.
716 1087 744 1122 v.
765 1072 984 1135 ldxporreotum,
1002 1071 1159 1119 extentum:
1178 1070 1336 1130 porrectura

274 1162 319 1209 est
335 1157 407 1209 enim
424 1161 544 1222 tentum,
562 1157 591 1206 id
608 1159 653 1206 est
667 1170 755 1220 porro
768 1154 887 1220 jectum.
904 1180 939 1192 -
956 1154 1035 1217 Quae
1051 1165 1100 1205 res
1116 1155 1149 1204 in
1165 1166 1189 1203 s.
1208 1154 1338 1205 reccido·

272 1246 317 1294 ris
334 1242 431 1308 codd,
450 1254 541 1307 quare
557 1243 585 1291 st
600 1243 632 1292 tn
648 1255 671 1291 s.
690 1241 856 1303 scripsimus
874 1252 909 1289 ex
927 1237 1095 1305 conjectura
1112 1239 1188 1302 dum,
1206 1238 1337 1302 Popmnn,

273 1328 360 1377 Marc.
396 1316 531 1375 ἐν”Αιδοο
551 1315 694 1391 maniacus
713 1326 836 1375 dedimus
855 1337 890 1375 ex
906 1327 1006 1374 nostra
1025 1318 1100 1387 conj.
1119 1334 1171 1385 pro
1189 1334 1242 1388 co,
1266 1323 1337 1385 quod

272 1410 300 1460 in
318 1414 388 1462 Mss.
414 1414 472 1461 est:
507 1408 855 1469 ETAAOYPEHOTE.;
885 1419 944 1459 rec.
970 1402 999 1457 ἐν
1024 1398 1097 1477 ᾅδου
1120 1401 1228 1472 ninere
1251 1408 1336 1457 Turn.

271 1496 341 1545 Ado.
358 1494 464 1559 XXIX,
488 1494 530 1544 17.
571 1506 631 1546 rec.
648 1487 784 1545 οὐδέποτε
800 1494 941 1544 Laurenti.
982 1504 1041 1543 rec.
1062 1494 1091 1543 et
1108 1484 1244 1542 οὐδέποτε
1261 1492 1336 1555 dum,

270 1580 383 1641 Popma.
418 1582 450 1629 in
471 1592 601 1629 somnam
621 1576 660 1643 cj.
682 1580 802 1645 Ροριοο,
825 1580 913 1627 Mera.
948 1576 1086 1628 Fortasse
1106 1578 1194 1627 recte.
1231 1588 1337 1641 super·

269 1664 369 1714 rectas
384 1663 431 1711 vel
446 1664 620 1728 eaporpttus
638 1661 676 1727 ej.
692 1664 805 1726 Popmn.
840 1664 946 1725 mepte.
957 1662 1041 1711 -De
1059 1672 1132 1711 voce
1150 1664 1335 1723 exporrectus

268 1744 405 1796 videndus
420 1748 465 1795 est
480 1746 690 1797 Fosi-Paullus
708 1761 732 1797 s.
751 1763 777 1797 v.
794 1748 1006 1815 „supertectus
1023 1747 1093 1809 (leg.
1111 1748 1335 1807 exporrectum:

269 1828 525 1892 aporrigendo
544 1832 771 1894 sevocatus,
805 1832 894 1894 quod
911 1831 1147 1882 desciscimus
1166 1832 1334 1880 recentes

268 1911 460 1971 psomno“.
484 1940 517 1950 -
543 1914 650 1965 Faceta
665 1915 817 1967 admonitio
835 1918 871 1967 ed
888 1915 1022 1966 homiuem
1042 1913 1275 1976 somniculosum,
1300 1924 1334 1963 ue

267 1998 359 2048 denuo
377 2010 410 2047 se
429 2011 526 2049 somno
545 1998 680 2061 occupari
696 1998 781 2065 sinat,
800 1998 933 2051 videlicet
949 2000 1015 2064 quia
1030 1999 1178 2049 verendum
1194 1996 1244 2061 sit,
1264 1999 1297 2049 ut
1311 1997 1335 2046 si

266 2083 377 2133 interim
394 2086 564 2148 moreretur,
585 2082 615 2133 in
631 2082 705 2135 Ditis
722 2084 803 2135 domo
819 2084 919 2137 iterum
939 2084 1082 2148 exporrigi
1098 2082 1205 2145 posset.
1241 2079 1334 2147 Hnjus

266 2167 338 2218 enim
352 2167 506 2229 voluptatis
522 2170 653 2231 expertes
671 2170 737 2219 sunt
752 2166 867 2233 mortui,
889 2170 988 2233 quippe
1007 2169 1054 2233 qui
1071 2158 1174 2218 ἄοινοι
1192 2168 1301 2216 eruant.

333 2253 360 2303 2.
394 2254 447 2315 Δρ.
464 2254 536 2303 Non.
553 2266 580 2315 p.
599 2252 665 2317 2³1,
690 2252 733 2303 36.
758 2268 784 2304 v.
806 2253 930 2317 vigiliae
948 2280 983 2292 -
1000 2252 1108 2303 Neutri.
1128 2276 1163 2289 -
1186 2252 1248 2303 toto
1267 2249 1333 2302 orbe

265 2338 338 2402 ιιι,
358 2338 434 2404 dun,
454 2338 545 2403 scal„
564 2338 676 2400 Popma.
712 2351 760 2404 pa.
775 2336 906 2402 facerem
922 2342 968 2390 est
985 2336 1080 2388 Rotnii
1096 2332 1265 2402 conjectura
1281 2346 1333 2399 pre

264 2425 341 2487 vulg.
365 2436 410 2488 qa.
427 2420 562 2485 facerent
584 2420 733 2485 (facerene
757 2426 801 2475 ed.
830 2425 921 2484 leta).
964 2423 1135 2490 saporrectt
1158 2421 1236 2472 stent
1254 2415 1331 2481 conj.

263 2507 378 2570 Popma.
416 2510 444 2558 si
458 2510 524 2572 pnis
541 2519 584 2558 nee
602 2507 706 2558 matins
723 2520 749 2560 o.
767 2511 893 2560 sumeret
917 2510 1008 2574 scat,
1032 2507 1190 2571 Laudent„
1216 2503 1330 2566 Popme.

262 2605 315 2654 pro
338 2595 470 2658 saperet,
501 2594 575 2655 quod
599 2590 686 2642 codd.
710 2597 842 2658 servent,
874 2592 1050 2643 scribendum
1076 2591 1201 2641 tortasse
1223 2587 1331 2640 rectius

265 2678 445 2741 susciperet:
461 2687 622 2738 quamquam
639 2688 691 2727 nee
709 2677 779 2728 illud
796 2678 882 2740 malm
902 2677 1005 2727 consil.
1023 2677 1107 2727 oetas
1123 2675 1215 2739 Soet,
1233 2675 1330 2735 naua,

263 2761 335 2825 qnid
354 2761 432 2810 addit
450 2761 535 2811 alind
552 2763 721 2811 curvantem
738 2774 761 2812 e.
779 2775 807 2811 n.
830 2763 955 2826 tempori
977 2758 1063 2810 coda.
1098 2761 1148 2825 qai
1164 2759 1247 2810 addet
1268 2758 1328 2808 edd.

264 2846 329 2893 ante
348 2842 441 2906 1842„
459 2845 613 2908 Laurento„
628 2843 742 2905 Poproa.
778 2846 818 2895 at.
837 2843 999 2896 tentantem
1017 2841 1055 2910 ej.
1069 2843 1184 2906 Papum.
1219 2843 1261 2894 al.
1279 2855 1329 2892 ca-

262 2927 376 2977 rentem
391 2922 429 2990 ej·
448 2928 530 2977 Roth.
565 2930 694 2980 scaena
712 2942 740 2978 n
758 2914 886 2995 uespere
903 2930 968 2980 Jun.
1004 2931 1136 2993 tempora
1154 2928 1247 2994 scal„
1272 2927 1330 2978 Po-

262 3023 334 3072 pma.
369 3011 446 3075 qaod
462 3012 518 3069 (so.
535 3010 660 3074 vigilium
677 3015 817 3073 nostrum)
834 3029 860 3064 v.
874 3005 972 3064 Ἥλιον
989 3014 1176 3064 coronantem
1197 3013 1274 3064 sair.
1292 3009 1329 3062 N.

263 3095 396 3160 tempora
413 3098 513 3145 nostra
530 3098 575 3146 est
592 3093 770 3162 conjectura.
1021 3140 1025 3146 ,

330 3179 356 3228 9.
391 3182 443 3242 Δρ.
465 3181 537 3231 Non.
560 3195 588 3242 p.
610 3181 675 3247 349,
703 3184 729 3231 t.
752 3197 779 3231 v.
801 3183 941 3232 Moturum
963 3181 1064 3232 dicitur
1084 3181 1170 3230 celer.
1193 3207 1228 3216 -
1253 3182 1281 3230 si
1297 3182 1330 3230 at

260 3265 350 3315 Mero.
367 3266 396 3315 et
414 3266 457 3315 ed.
468 3264 577 3316 noviss.
590 3278 625 3315 ex
643 3265 704 3316 suis
716 3264 804 3317 codd.
839 3265 940 3328 Quint
954 3265 1059 3316 omisso
1073 3261 1112 3333 τῷ
1129 3268 1157 3316 st
1170 3265 1245 3330 nid„
1262 3265 1327 3315 Jun.

261 3348 459 3415 Qntotptlm
477 3349 583 3400 omisso
599 3345 639 3419 τῷ
655 3352 859 3414 sinti’opmn.
902 3352 936 3402 at
952 3352 979 3400 ei
997 3363 1051 3414 ng.
1067 3351 1132 3402 Jun.
1172 3351 1254 3402 stent
1275 3363 1328 3402 uo-

260 3436 322 3482 stro
339 3433 449 3483 nornine
467 3433 607 3500 dedimus,
631 3448 794 3498 quamquem
809 3435 892 3486 ctiam
915 3435 1023 3484 defendi
1042 3433 1135 3498 possit
1150 3433 1177 3484 si
1198 3435 1328 3498 legatur:

260 3509 335 3579 qai?
349 3518 390 3582 st,
404 3519 439 3568 at
454 3530 515 3580 sqq.
549 3519 719 3584 adpetentem
735 3530 795 3583 cap.
812 3521 901 3569 Mero.
935 3521 967 3570 tn
984 3532 1018 3570 co
1034 3521 1119 3570 retia.
1138 3517 1226 3569 codd.
1261 3531 1327 3570 naa·

261 3598 324 3649 tare
340 3624 374 3634 -
389 3601 421 3649 tn
437 3612 470 3649 so
489 3601 516 3650 te
533 3603 586 3651 ret.
602 3598 641 3665 ej.
657 3600 770 3663 Popmn.
804 3603 965 3666 Legendnm
982 3603 1108 3654 sortasse
1126 3605 1156 3654 te
1168 3603 1305 3654 tennerts.

328 3680 355 3730 4.
388 3684 441 3744 Δρ.
458 3684 530 3732 Non.
544 3697 571 3745 ρ.
589 3683 655 3750 949,
678 3685 705 3734 8.
725 3698 752 3734 v.
772 3683 950 3737 Committcre
965 3713 1000 3726 -
1014 3687 1140 3750 initiarep
1164 3699 1192 3748 ρ.
1211 3686 1280 3752 999,
1300 3686 1326 3737 1.

261 3781 287 3815 v.
306 3765 440 3817 Dominus
457 3793 491 3803 -
508 3769 665 3829 appellatur
680 3768 806 3819 convivii
826 3771 977 3836 exhibitor3
1000 3774 1030 3822 ot
1047 3786 1074 3836 ρ.
1090 3770 1156 3836 949,
1175 3771 1201 3820 9.
1217 3785 1245 3822 v.
1263 3773 1328 3821 Ms-

259 3851 350 3900 turum
367 3877 402 3888 -
417 3849 497 3916 mite,
525 3856 645 3903 coetum.
667 3881 701 3891 -
721 3854 835 3906 Noviss.
858 3856 902 3905 ed.
924 3870 961 3907 cx
984 3855 1045 3906 suis
1070 3854 1158 3906 codd.
1179 3869 1237 3906 uno
1258 3856 1325 3908 loeo

257 3933 553 3996 praeoccupaturos
570 3949 685 4004 cenam,
720 3939 813 3990 altero
835 3941 862 3991 d.
880 3941 1090 3992 manduconem
1107 3952 1149 4006 a,
1186 3938 1273 3990 tertio
1296 3939 1323 3991 d.

257 4021 376 4072 maturo
390 4018 432 4071 ad
448 4032 567 4073 caenam
581 4033 607 4072 c.
624 4047 657 4060 -
672 4025 789 4075 maturo
807 4038 861 4075 oao
878 4025 978 4090 Mera,
996 4024 1188 4092 nrps.,sca1.‚
1207 4025 1325 4086 Pop-a.

324 4107 350 4154 t.
384 4107 438 4168 Δρ.
454 4106 526 4156 Νοο.
542 4120 569 4169 ρ.
589 4106 653 4173 499,
679 4107 704 4157 9.
722 4123 749 4158 v.
768 4110 942 4172 Tempestas.
964 4135 999 4146 —
1020 4108 1137 4162 Transit
1153 4107 1280 4173 scriptor
1297 4109 1328 4159 in
