2934 4750
281 295 346 360 m
617 313 652 354 ι.
674 311 827 356 romanu
850 289 1008 358 varnerus

282 484 369 545 nula
382 482 490 530 tutha
508 482 611 530 unns:
626 487 650 528 et
669 481 750 530 ottala
765 483 925 542 peraequum.
962 483 1067 532 vlteott
1079 487 1170 532 tostas
1184 484 1225 541 (p.
1243 483 1285 534 95.
1300 486 1346 532 tat·

282 566 331 619 que
342 555 457 599 Mueuerl
472 549 553 609 aaa),
570 551 634 596 Ptin.
651 553 715 609 Vlss,
731 549 783 610 48„
800 553 924 598 Plutarch.
941 551 1058 609 (Quaem.
1075 555 1145 599 Rom.
1159 549 1244 608 2t.]“.
1278 557 1346 602 flooe

281 625 383 677 ronne
415 620 464 666 set
476 619 548 676 auos,
561 623 586 663 ut
596 620 661 672 apud
674 620 769 664 Aeson.
783 611 866 676 llplgr.
879 617 922 677 23,
933 617 974 666 31.
987 625 1011 666 et
1025 632 1064 676 op.
1079 623 1234 667 lovomflat.
1244 617 1268 680 5,
1278 620 1344 681 561.,

281 688 404 744 Tonanti
424 691 463 735 ost
479 697 524 744 pro
542 687 645 732 muttero
661 687 804 744 tmporloso.
827 709 862 721 -
890 687 927 736 cs.
949 700 1027 756 supra
1045 691 1205 737 commentat.
1226 687 1285 744 cop.
1302 692 1343 748 ut,

303 855 330 918 1.
362 851 434 919 Non
461 849 552 915 modo
577 850 687 915 absens
714 852 878 938 quicquam
904 837 942 951 ‘le
973 862 1003 920 te
1038 854 1164 940 sequius
1191 853 1342 940 cogitavit,

366 960 533 1026 sedetiam
555 959 764 1026 ruminabitur
785 961 1017 1027 humanitatem.

348 1085 374 1134 1.
408 1086 460 1147 Ap.
480 1085 551 1133 Non.
570 1096 597 1144 p.
617 1081 676 1148 166,
694 1084 737 1132 25.
755 1099 782 1134 v.
800 1085 942 1135 Ruminarl
959 1086 1060 1137 dietum
1075 1085 1104 1135 ln
1121 1086 1279 1136 memoriam
1296 1099 1341 1135 re-

279 1181 395 1218 vocare.
413 1195 444 1204 -
463 1165 606 1234 copttattt
619 1169 726 1233 mera,
746 1169 847 1232 Turn,
864 1171 1019 1236 Laurenb.‚
1040 1171 1160 1234 Popma3
1187 1176 1266 1221 reete
1284 1172 1341 1220 tor·

280 1255 369 1304 tasse.

539 1455 691 1506 LXXXVI.
729 1454 833 1506 ΤΑΦΗ
850 1454 1080 1508 ΜΕΝΙΠΠΟΤ.

347 1564 386 1608 no
403 1566 508 1610 sotum
521 1569 665 1617 momento
681 1575 731 1608 nou
749 1564 813 1610 satis
831 1565 914 1618 liquot.
949 1567 1046 1620 Popma
1066 1576 1101 1609 ex
1121 1563 1264 1617 framarus
1281 1575 1340 1608 ooa-

273 1631 349 1688 secu,
363 1631 444 1678 tatum
463 1633 493 1676 uo
510 1636 633 1678 seruorum
648 1632 759 1691 aedium,
775 1633 801 1678 tn
815 1643 865 1686 oua
882 1633 996 1680 homines
1014 1635 1095 1680 lautos
1114 1633 1183 1687 queit
1199 1638 1300 1688 sumpta
1318 1637 1339 1678 ot

276 1698 456 1753 mammaeam
472 1700 570 1745 modom
587 1700 719 1745 excedere.

301 1796 328 1858 l.
363 1795 424 1859 Sed
445 1802 483 1859 ut
503 1795 587 1858 oanis
605 1795 672 1859 sina
692 1796 777 1861 ooda.

297 1903 328 1966 2.
479 1901 535 1966 Ille
558 1903 669 1967 nobilis
689 1904 845 1989 quondam
866 1907 949 1970 oanis

360 2009 419 2075 llio
444 2008 535 2096 liquit
555 2010 696 2076 homiues
721 2034 829 2080 omnes
849 2015 881 2079 in
904 2022 1004 2079 terrae
1026 2014 1096 2101 pila.

296 2120 326 2184 3.
359 2119 532 2204 Diogenem
558 2119 676 2185 litteras
706 2123 799 2190 seisse
826 2131 893 2189 tum
919 2121 1021 2190 usioni
1048 2121 1130 2208 quod
1152 2121 1225 2186 satis
1248 2130 1339 2198 esset,

359 2236 427 2293 tum
449 2228 644 2314 quodetiam
664 2233 780 2298 aeroasi
802 2233 953 2298 bellorum
976 2231 1146 2298 hominum.

296 2339 325 2403 4.
358 2336 473 2403 Saltem
501 2337 640 2404 infernus
670 2345 792 2407 tenetor
819 2351 834 2411 ὁ
859 2355 955 2431 κακὸςΙ
969 2356 1077 2425 δαίμων
1105 2345 1197 2426 atque
1229 2338 1338 2404 habeat

358 2446 499 2513 homines
519 2450 679 2528 sollicitos,
717 2451 802 2537 quod
824 2473 896 2517 aum
917 2451 1005 2537 pejus
1030 2449 1211 2527 formidant,
1244 2471 1336 2535 quam

358 2554 435 2621 lullo
451 2556 578 2623 ululam.
984 2646 986 2650 y

292 2664 323 2728 5.
355 2666 393 2728 ln
420 2664 545 2731 oharteo
578 2667 676 2732 stadio
706 2678 858 2751 ἐπιτάφιον
881 2681 978 2753 ἀγῶνα
1011 2692 1074 2756 quo
1105 2668 1159 2756 qui
1192 2674 1337 2732 certasset
1401 2672 1403 2678 “

358 2774 462 2838 animo
483 2771 583 2841 bellus
604 2772 720 2854 homo.
745 2777 841 2863 magis
862 2777 1030 2882 flelectatus
1052 2780 1226 2845 Stoicorum
1251 2798 1335 2863 pau-

358 2882 469 2959 cratio‚
489 2904 582 2968 quam
602 2884 797 2949 athletarum.

292 2987 323 3051 o.
355 2988 496 3053 Perrexit
519 2989 551 3053 in
578 2991 740 3056 interiores
764 3001 867 3077 partes
894 2995 1015 3061 domuis
1040 2996 1191 3081 posticae,
1232 3004 1267 3061 ut
1294 2996 1335 3059 ait

354 3095 497 3176 Plautus,
516 3098 715 3184 penitissime.
934 3093 936 3101 ’
1082 3180 1088 3192 Ι

293 3207 321 3272 ἵ.
354 3206 413 3273 Ubi
437 3207 531 3287 lubet,
552 3208 597 3273 ire
620 3209 690 3275 lieet
711 3211 898 3279 aoouhituml
941 3218 971 3278 A
991 3213 1064 3279 sede
1084 3220 1208 3277 strenue
1228 3214 1333 3278 sussi-

354 3317 461 3396 limus,
481 3318 565 3405 quod
587 3320 709 3405 esurigo
730 3320 866 3389 findebat
887 3330 995 3387 costas.

289 3425 318 3491 8.
352 3428 437 3492 Haeo
459 3429 562 3495 Numa
578 3430 750 3515 Pompilius
776 3430 842 3495 fieri
870 3429 894 3495 si
921 3431 1046 3510 viderit,
1082 3430 1172 3507 sciet,
1205 3450 1331 3493 suorum

354 3534 564 3600 institutorum
587 3556 643 3599 neo
660 3537 761 3602 volam
782 3560 839 3604 neo
857 3541 1019 3626 vestigium
1041 3559 1198 3626 apparere

288 3640 318 3703 9.
350 3641 426 3705 Inde
447 3643 570 3728 putidas
590 3664 680 3721 uvas,
714 3647 808 3712 acinis
830 3649 933 3714 electis
953 3658 985 3714 et
1005 3648 1165 3724 oomestis,
1194 3647 1332 3712 extendit

352 3748 384 3813 in
407 3749 492 3814 leotis
513 3752 678 3836 quondam.

269 3858 317 3921 10.
349 3857 433 3925 Nihil
449 3860 547 3946 magis
565 3860 672 3927 dooere
693 3865 867 3944 mulierem,
885 3888 977 3953 quam
998 3867 1036 3932 de
1058 3865 1201 3933 muliebri
1223 3864 1329 3931 ricinia

183 4050 186 4055 ⁴
352 3967 477 4053 pallium
501 3969 638 4057 simplex.
808 4048 811 4055 ,

267 4079 315 4141 ll.
348 4079 391 4145 Et
417 4092 626 4165 ἀπαντήσουσιν
651 4083 775 4147 Edonas
801 4084 948 4160 Romam,
981 4093 1017 4149 ut
1043 4085 1134 4149 turba
1170 4082 1331 4147 intendant
