2934 4750
291 245 334 306 48
671 264 774 309 curun
798 265 980 310 mariun.

292 437 395 493 umen
427 428 579 494 infirmius
606 428 762 495 indicium.
813 430 906 516 Apud
929 430 1104 496 Arnobiunr
1132 429 1200 496 adv.
1228 431 1322 498 Gent.
1348 436 1363 499 l.

292 538 344 614 v1,
364 559 392 622 p.
416 536 485 604 128.
505 537 552 604 ed.
572 538 715 604 Elmonlr.
742 547 786 624 (p.
808 538 881 604 203.
903 538 951 604 ed
973 537 1077 616 Cant.)
1104 539 1250 624 leguntur
1276 541 1363 608 haec:
1466 550 1467 563 ³

291 646 368 724 „Ubi
394 646 527 733 denique
550 647 663 733 Apollo
689 647 825 725 divinus,
860 669 931 714 cum
957 668 975 712 a
1001 647 1108 733 piratis
1142 649 1362 738 maritimisque

291 756 497 843 praedonibus
518 763 549 822 et
571 756 719 843 spoliatus
742 758 785 822 ita
804 763 852 822 est
871 764 904 822 et
922 757 1082 834 incensus,
1111 765 1148 823 ut
1169 779 1207 824 ex
1230 766 1278 825 tot
1298 763 1362 827 auri

290 865 489 952 ponderibus,
504 887 584 952 quae
600 866 719 932 infinita
736 873 954 951 congesserant
971 866 1083 944 secula,
1096 886 1155 932 uec
1170 887 1269 933 unum
1285 870 1361 955 qui-

290 975 360 1041 dem
379 975 522 1041 habuerit
540 975 722 1061 scripulum,
747 976 831 1061 quod
838 963 1068 1049 ,hirundinibus
1087 974 1236 1061 hospitis,
1269 978 1361 1045 Varro

289 1098 323 1152 ot
350 1087 423 1150 dicet
444 1086 637 1170 Menippeis,
671 1083 876 1151 ostenderet“
920 1083 1023 1163 Quem
1054 1083 1157 1150 locum
1184 1107 1223 1151 ex
1252 1086 1360 1154 Satura

287 1194 389 1282 aliqua
407 1215 474 1261 esse
496 1193 693 1280 desumptum
710 1194 749 1258 ab
761 1194 914 1274 Arnobio,
932 1194 1093 1262 verissima
1112 1195 1286 1281 conjectura
1306 1207 1359 1264 est

287 1305 373 1370 Licet
393 1305 476 1370 enim
493 1326 558 1370 non
575 1305 738 1391 Mentiopeo
757 1303 922 1382 Varronis,
950 1302 1005 1369 sed
1022 1304 1130 1397 Varro!
1144 1304 1209 1390 ipse
1230 1306 1357 1394 Menep-

282 1437 359 1501 pcus
377 1415 503 1490 citetur,
524 1421 629 1478 tamen
647 1413 723 1499 quin
746 1412 798 1479 illa
818 1413 990 1498 significata
1007 1414 1065 1491 sit,
1084 1435 1147 1479 uon
1168 1422 1272 1499 potest
1291 1415 1356 1481 du-

285 1524 371 1589 bium
391 1545 474 1602 esse,
498 1523 621 1608 qrrando
642 1530 674 1586 et
696 1523 748 1588 olii
771 1523 937 1609 scriptores
958 1524 1001 1589 ita
1025 1523 1140 1610 passim
1160 1524 1254 1590 locuti
1278 1534 1356 1591 sunt

286 1632 336 1697 Sic
355 1631 534 1696 Athenaeus
559 1632 577 1695 l.
603 1633 660 1709 lv,
681 1653 710 1717 p.
733 1631 803 1697 160.
827 1631 865 1699 de
884 1654 996 1719 graeco
1017 1632 1183 1719 proverbio
1205 1646 1247 1703 Τό
1262 1644 1308 1702 lat
1323 1648 1357 1720 τῇ

286 1755 364 1824 φακῇ
383 1753 473 1823 μύρον
502 1761 675 1805 memorans
705 1748 738 1805 et
766 1758 944 1812 Μενιππείου
972 1742 1156 1828 cognomine
1183 1742 1355 1807 Varronem

284 1847 454 1934 appellans,
474 1848 615 1915 Saturam
636 1848 726 1936 hujus
743 1851 894 1936 significat
910 1851 964 1917 illo
985 1851 1158 1938 proverbio,
1170 1850 1355 1935 inscriptam.

283 1961 361 2024 Item
382 1957 553 2044 Eutychius
573 1957 627 2025 Gr.
646 1958 664 2023 l.
683 1961 723 2038 II,
744 1981 768 2024 c.
789 1961 818 2024 2.
840 1961 887 2026 ed.
909 1961 1050 2028 Lindem.
1073 1960 1246 2027 Cotonium
1265 1960 1353 2026 Var-

283 2068 368 2133 ronis
390 2062 502 2134 librum
522 2067 702 2153 inscriptum
727 2068 883 2154 quendam
910 2071 1055 2148 laudans,
1088 2070 1159 2135 licet
1183 2067 1267 2134 huuc
1292 2090 1354 2134 non

282 2177 395 2243 diserte
423 2177 564 2243 Saturam
596 2177 744 2264 appellet,
778 2178 847 2243 libri
875 2200 972 2264 genus
999 2179 1056 2246 lrac
1082 2186 1187 2244 tamen
1214 2197 1248 2242 re
1281 2178 1353 2243 satis

263 2294 385 2374 ¹oporte
403 2286 525 2364 indicat,
548 2288 632 2375 quod
650 2288 845 2376 Mencppcum
861 2289 1033 2356 Varronem
1055 2310 1094 2354 eo
1117 2288 1186 2353 loco
1205 2287 1352 2373 appellat:

280 2404 312 2462 et
334 2397 541 2464 Tertullianus
560 2398 690 2484 Apolog.
716 2420 742 2463 e.
772 2399 820 2463 14.
846 2419 974 2466 nanans
994 2401 1188 2479 „Romanum
1210 2397 1352 2484 Οῃηὶσωη

188 2512 189 2516 ’
279 2515 433 2573 trecentos
451 2508 543 2574 Jovos
565 2507 629 2574 sive
650 2508 807 2595 Jupiteres
832 2508 995 2576 dicendum
1025 2510 1092 2575 sine
1120 2505 1274 2592 capitibus
1295 2507 1350 2571 in-

278 2617 481 2694 troduxisse,“
501 2618 569 2703 ipso
592 2618 652 2683 isto
673 2620 866 2705 cognomine,
882 2640 945 2706 quo
966 2627 1057 2685 ornat
1070 2618 1243 2682 Varronem
1267 2636 1349 2701 pro·

278 2733 347 2811 pter
362 2726 496 2804 Sauuas,
511 2734 603 2811 (quas
623 2728 662 2793 ab
678 2730 746 2794 aliis
755 2730 946 2816 Menippeas,
965 2728 1005 2793 ab
1021 2726 1089 2793 aliis
1106 2725 1232 2813 Cynicos
1252 2723 1348 2790 dictas

277 2854 344 2900 esse
366 2833 564 2898 meminimus
586 2855 625 2899 ex
650 2836 728 2902 Gell.
752 2838 789 2904 N.
806 2842 844 2903 Α.
872 2838 891 2903 Ι.
912 2839 955 2915 II,
976 2858 1002 2902 c.
1021 2834 1056 2913 8)
1081 2834 1231 2901 -velut
1253 2834 1349 2919 digito

277 2942 367 3008 nobis
388 2948 624 3020 commonstrat,
653 2944 685 3008 in
706 2945 878 3032 cujusmodi
903 2946 981 3012 libro
1009 2943 1137 3010 ridicula
1157 2942 1214 3009 ista
1235 2943 1347 3009 Jovum

276 3049 324 3116 rel
341 3050 516 3136 Jupiterum
541 3052 651 3118 cohors
675 3054 715 3119 sit
734 3054 916 3121 introducta.
959 3056 1024 3121 Nec
1043 3052 1132 3118 aliter
1154 3052 1276 3117 locutus
1301 3060 1349 3117 est

275 3159 368 3225 etiam
379 3160 567 3248 Apollinaris
580 3162 725 3241 Sidonius
745 3165 764 3229 l.
783 3166 866 3242 VIII,
885 3186 933 3250 ep.
952 3162 989 3227 d:
1012 3163 1198 3240 „Varronem
1216 3159 1347 3245 loquito-

273 3272 380 3347 rieum,
396 3270 475 3336 sicut
495 3292 692 3358 poposceras,
714 3280 746 3338 et
767 3275 929 3339 Ewelium
949 3270 1210 3357 chronopropltom
1229 3268 1301 3332 misi
1308 3275 1346 3345 .·“‚

273 3377 357 3463 quod
376 3378 458 3443 idern
476 3365 606 3458 valebat,
629 3402 664 3445 ae
686 3382 712 3446 si
734 3382 862 3449 dixisset
882 3380 1092 3465 „logistoriccs
1112 3378 1207 3444 libros
1220 3379 1346 3444 Varro—

273 3485 320 3549 nis
342 3493 374 3550 et
389 3487 517 3551 Eusebii
534 3487 678 3554 chronice
698 3490 812 3569 rnisi:“,
831 3498 867 3556 ut
887 3496 969 3554 reeta
990 3486 1154 3573 explicavit
1172 3486 1236 3551 Jos.
1249 3487 1344 3551 Iller-

273 3612 363 3674 cerus
385 3594 423 3658 ad
446 3596 525 3662 Non.
545 3598 682 3663 Marcell.
701 3622 730 3685 p.
749 3598 821 3664 776.

359 3701 521 3770 Sufficiunt
543 3705 630 3773 vlroud
661 3708 755 3775 dubie
784 3707 860 3774 haec
886 3707 1026 3793 exempla
1054 3705 1093 3772 ad
1123 3703 1226 3769 locum
1255 3701 1344 3768 illum

269 3811 419 3875 Varronis
443 3811 482 3877 de
503 3814 633 3899 spoliato
660 3825 754 3903 atque
781 3816 902 3902 direpto
922 3814 1068 3901 Apolline
1091 3811 1210 3878 Saturis
1232 3810 1342 3877 vindi-

269 3918 409 3986 candum.
427 3958 468 3968 -
491 3922 550 3988 Sed
569 3925 694 4011 quinam
717 3926 782 4011 ipse
802 3925 853 3990 ille
874 3923 987 4009 Apollo
1009 3922 1132 3988 divinus
1161 3918 1216 3997 sit,
1241 3918 1342 4005 primo

269 4029 393 4114 quidem
423 4030 550 4097 dubium
582 4042 636 4098 ost.
685 4032 812 4099 Divinas
840 4031 968 4098 sortasse
995 4028 1193 4116 Delphicum.
1236 4032 1340 4114 Atque
