2934 4750
259 296 281 354 6
648 310 879 356 conusnrsrro
901 311 941 354 ns
994 361 1000 370 ⁸

263 476 519 544 adversariorum
541 476 636 544 libros
657 477 746 562 Casp.
762 476 908 542 Bartbius
922 481 964 554 9).
1007 474 1096 540 Hanc
1117 474 1253 560 syllogcn
1272 496 1334 540 rc-

262 586 390 672 petitam
414 606 432 651 a
457 585 600 653 Fabricio
625 587 657 652 in
685 586 875 653 Bibliotheca
901 584 1010 650 Latina
1034 589 1087 662 ¹⁰)
1113 585 1200 650 auxit
1226 594 1335 670 postea

262 696 388 781 triginta
407 717 470 762 uua
491 696 579 762 novis
595 697 760 762 'sententiis
780 717 819 760 ex
831 694 986 761 vincentii
1002 694 1229 760 bellovacensis
1247 693 1334 780 Spe—

262 805 332 871 culo
353 805 524 872 Doctrinali
547 814 639 891 atque
658 806 818 872 Historiali
836 806 864 871 l.
881 805 918 871 G.
939 802 1154 881 Schneiderus,
1177 823 1255 889 quas
1271 823 1335 870 una

263 935 332 980 cum
362 915 437 995 illis,
473 936 513 981 ne
539 915 654 981 diutius
682 916 714 980 in
742 914 937 1001 sterquilinio
956 934 992 978 ac
1013 912 1138 979 latebris
1158 912 1225 978 istis
1248 912 1335 978 late-

263 1031 347 1104 rent,
378 1032 526 1112 tanquam
553 1026 729 1092 coronidem
758 1023 867 1110 adjecit
894 1044 968 1088 suae
996 1021 1197 1107 disputationi
1223 1021 1263 1088 de
1291 1025 1335 1090 bt

265 1134 402 1198 Terentii
414 1135 563 1200 Varronis
574 1137 646 1201 Vita
665 1156 700 1201 ac
713 1133 850 1219 Scriptis,
863 1153 944 1218 quae
962 1139 1064 1197 exstat
1082 1132 1115 1196 in
1132 1131 1198 1219 ejus
1213 1132 1336 1219 Scriptt

263 1243 300 1306 ll.
327 1243 363 1308 R.
389 1251 463 1308 tom.
491 1246 522 1322 1,
554 1246 588 1310 P.
615 1246 661 1323 Il,
692 1266 721 1332 p.
748 1245 810 1310 241
841 1263 908 1329 sqq.
935 1279 977 1288 -
1011 1242 1069 1307 llis
1090 1241 1224 1319 duabus,
1256 1263 1336 1328 quae

263 1360 334 1418 ante
362 1361 450 1418 erant
477 1353 635 1420 institutae
667 1354 890 1420 sententiarum
925 1351 1099 1418 istiusmodi
1131 1371 1171 1416 ex
1196 1351 1337 1418 Varrone

264 1470 479 1549 excerptorum
499 1463 732 1530 collectionibus
753 1462 921 1530 novissimo
942 1468 1084 1547 tempore
1102 1462 1229 1526 accessit
1246 1463 1337 1527 tertia

264 1573 362 1636 multo
382 1573 580 1659 locupletior,
601 1593 695 1658 quarn
717 1594 756 1638 ex
781 1571 902 1637 duobus
920 1570 1076 1636 codicibus
1099 1588 1194 1636 mauu
1220 1591 1335 1636 exara-

264 1679 321 1756 tis,
343 1681 397 1765 qui
420 1687 616 1747 asservantur
637 1681 669 1745 in
689 1681 875 1747 bibliotheca
894 1679 1057 1746 Seminarii
1078 1680 1228 1758 Patavini,
1248 1699 1336 1746 uno-

266 1809 327 1873 que
358 1808 376 1853 e
404 1790 508 1854 codice
536 1790 677 1856 Vicetino
700 1791 913 1856 concinnatam
937 1789 1035 1855 edidit
1060 1789 1242 1855 Vincentius
1263 1788 1337 1854 De-

266 1895 347 1962 ritus
378 1897 410 1962 in
440 1897 611 1964 Seminario
642 1900 791 1966 Patauino
816 1899 978 1965 Professor
1006 1905 1069 1979 11).
1126 1897 1273 1964 Continet
1300 1919 1337 1964 ea

266 2025 343 2092 quas
367 2007 400 2072 in
423 2008 487 2074 suis
510 2008 682 2088 codicibus,
716 2009 829 2095 quibus
856 2029 932 2075 usus
962 2018 1025 2087 est,
1060 2007 1192 2074 Devitus
1212 2007 1338 2084 invenit,

267 2121 390 2182 centum
404 2118 627 2204 quinquaginta
644 2125 763 2203 septem
784 2118 967 2193 sententiam
981 2108 1092 2183 additis
1107 2117 1231 2183 aliunde
1247 2125 1338 2183 cete-

266 2223 323 2303 ris,
360 2225 456 2292 iactae
490 2236 563 2294 sunt
588 2236 713 2294 centurn
742 2227 900 2312 sexaginta
926 2228 1080 2314 quinque,
1114 2248 1178 2313 quo
1207 2245 1338 2292 numero

267 2332 358 2402 simul
378 2335 447 2401 illae
466 2338 787 2425 comprehenduntur,
816 2355 896 2424 quae
916 2357 934 2402 a
956 2335 1084 2404 Burtbio
1106 2342 1139 2401 et
1161 2355 1180 2401 a
1202 2333 1338 2403 Sabaei-

267 2443 342 2509 dero
359 2446 422 2531 jam
444 2448 518 2513 olim
540 2456 629 2514 erant
649 2448 833 2533 divulgatae.
1327 2458 1332 2467 '

352 2554 578 2624 Gratulandum
603 2559 728 2645 quidem
754 2566 802 2625 est
825 2555 916 2622 nobis
938 2555 1098 2633 omnibus,
1130 2559 1286 2639 quotquot
1309 2553 1339 2617 in

267 2663 315 2728 bis
337 2666 643 2748 studiis‘rcrsamur,
666 2690 729 2734 non
755 2667 857 2732 minus
882 2666 921 2730 dc
940 2665 989 2731 bis
1011 2665 1084 2751 ipsis
1106 2662 1243 2748 antiquis
1264 2682 1339 2727 ωο-

268 2774 424 2837 numentis
445 2778 612 2859 patefactis,
635 2800 727 2863 qiam
750 2776 789 2842 de
810 2775 937 2843 editoris
954 2773 1129 2839 eruditione
1147 2792 1182 2837 ac
1202 2773 1340 2857 diligen-

269 2879 328 2957 lia,
350 2886 412 2968 qua
431 2884 464 2947 in
483 2885 520 2950 iis
539 2886 738 2952 emendandis
759 2885 1009 2971 explicandisque
1025 2890 1164 2949 versatus
1184 2891 1240 2947 est.
1281 2881 1340 2947 Sed

269 2988 343 3055 durn
365 2992 531 3060 studiosius
552 2996 691 3081 opusculi
714 2995 847 3081 pagellas
866 2994 966 3060 oculis
984 2992 1209 3080 percurrimus,
1238 3009 1340 3077 quae-

341 3184 371 3240 ο)
389 3178 421 3231 0.
438 3183 619 3233 Bemmaris.
638 3182 700 3245 XV,
716 3183 759 3233 19.

340 3266 384 3325 ¹⁰)
401 3266 514 3317 Fabric.
532 3266 601 3317 Bibl.
618 3268 682 3318 Lat.
701 3268 728 3331 i,
745 3281 772 3329 p.
790 3266 839 3316 188
859 3280 920 3331 sqq.
945 3266 988 3315 ed.
1006 3265 1086 3327 Lips.
1105 3266 1185 3324 (tom.
1205 3263 1248 3327 11,
1265 3277 1293 3324 p.
1308 3260 1341 3312 84

270 3350 314 3399 ed.
336 3352 457 3410 lianc).

340 3434 385 3497 ιι)
403 3435 481 3484 Libri
503 3435 601 3485 titulus
619 3435 682 3484 est:
718 3434 901 3497 „lententias
919 3434 957 3481 Μ.
975 3433 1102 3483 Terentii
1124 3430 1264 3482 Varronis
1284 3442 1344 3479 rna·

265 3514 327 3579 jori
343 3529 379 3567 ex
396 3521 476 3577 perte
492 3518 614 3567 ineditas
637 3528 674 3567 ex
695 3516 794 3567 codice
811 3520 871 3567 MS.
888 3515 1078 3566 Bibliothecae
1094 3514 1241 3565 seminarii
1256 3512 1344 3562 Peta-

205 3647 207 3651 .
269 3600 328 3649 vini
347 3599 433 3650 edidit
451 3602 480 3649 at
498 3599 697 3649 commentario
716 3600 871 3651 illustravit
890 3602 937 3650 Dr.
956 3600 1124 3653 Vincentius
1142 3599 1240 3661 Desit,
1267 3600 1345 3647 Ace-

270 3683 376 3733 demiae
396 3682 554 3745 Lipsiensis
571 3685 674 3736 soclus
699 3687 784 3747 atque
806 3685 836 3733 iu
853 3683 1009 3733 seminario
1026 3684 1165 3733 Petavlno
1182 3683 1344 3732 Professor.

269 3768 416 3830 Accedunt
430 3768 487 3818 alia
502 3768 642 3819 Varronis
660 3766 786 3833 ejusdem
802 3768 960 3830 fragmenta
977 3770 1008 3816 et
1024 3768 1080 3817 duo
1099 3770 1138 3817 Μ.
1156 3765 1242 3818 'l'nllli
1259 3765 1346 3815 cice-

272 3850 366 3914 ronis,
385 3853 504 3902 nondum
522 3852 595 3902 inter
612 3866 659 3917 ea,
681 3866 752 3916 quae
770 3853 855 3914 vulgo
872 3852 1013 3913 edantur,
1026 3852 1183 3915 descripta,
1207 3849 1347 3911 et'speci·

269 3948 332 3985 men
367 3936 502 3998 quoddam
537 3937 631 3999 operis
663 3938 779 3987 moralis
810 3936 1003 3998 philosophiae
1036 3934 1216 3986 Venerabilis
1250 3933 1347 3984 liildc-

269 4018 356 4082 berti,
391 4021 464 4082 quod
485 4021 513 4070 in
536 4022 634 4071 eodem
657 4022 758 4071 codice
777 4018 925 4070 habctnr‘t
963 4020 1076 4071 Patavii
1098 4020 1176 4084 typis
1198 4016 1347 4070 seminarii

271 4101 502 4156 MDGGGXLHI.
537 4106 562 4155 Β.
599 4105 650 4153 10⁰
669 4117 733 4169 pag.
