2934 4750
281 209 324 270 dd
672 213 775 259 saror
799 210 952 257 euersuri.

283 397 358 460 bent
378 411 435 478 pro
455 408 493 453 eo
511 384 595 472 quod
612 383 687 448 oIIm
706 380 779 446 fait:
803 379 896 442 Varro
910 374 1080 441 stometdeo
1095 372 1212 437 Libero.
1257 368 1347 448 Quod

284 525 356 574 vero
376 501 415 567 ad
434 496 511 566 illud
530 495 598 576 ,ut
614 493 676 559 ΙΙ.“
694 491 727 556 ἰιι
745 489 796 555 ilia
817 485 991 574 prodigiosa
1013 482 1213 569 inscriptione
1231 480 1348 558 attinet,

284 616 315 682 id
336 633 392 702 per
410 627 547 676 errorem
570 603 726 671 exaltem
751 595 957 684 inscriptionis
978 593 1147 661 Promethei
1162 592 1267 657 Liberi
1287 610 1347 656 vo-

283 724 394 792 cabulo
412 727 515 787 ortium
535 737 612 793 esse,
634 711 717 800 quod
738 729 793 796 per
811 705 1026 794 compendium
1047 686 1098 770 tit
1115 701 1205 769 scribi
1224 700 1349 778 sciebat,

284 831 461 903 testimonio
481 833 554 895 sunt
574 824 638 890 iere
660 841 769 887 omnes
790 816 884 886 Nonii
905 816 979 894 Ioci,
1006 817 1037 881 in
1058 813 1171 901 quibus
1191 811 1257 898 ejus
1280 810 1347 875 iibri

283 943 432 1012 Varronis
454 937 570 1005 mentio
592 935 627 1000 fit
653 937 714 1011 ¹⁸).

367 1054 477 1137 Neque
495 1046 726 1116 Praetorionom
744 1039 924 1125 inscriptum
942 1037 1076 1121 aliquem
1096 1033 1208 1099 librum
1226 1030 1350 1094 Varro-

229 1251 231 1257 ,
284 1167 332 1232 nis
360 1162 454 1228 fuisse
482 1156 619 1233 videtin,
653 1152 724 1218 iicet
750 1148 921 1215 indubitata
948 1145 1014 1232 ejus
1038 1142 1186 1209 memoria
1208 1140 1248 1207 sit
1269 1138 1350 1224 apud

283 1271 466 1343 Diomedem
489 1267 543 1335 Gr.
572 1267 590 1330 I.
616 1265 647 1344 l,
674 1283 703 1348 p.
725 1259 798 1326 372.
827 1257 875 1324 ed.
900 1255 1030 1322 Putsch:
1062 1253 1208 1332 „I)eIeor,
1239 1248 1351 1315 delitus

284 1395 316 1452 et
346 1382 474 1449 deletus.
532 1375 640 1444 Cicero
674 1371 712 1437 ad
744 1368 858 1434 filium:
897 1365 984 1434 Coris
1016 1364 1132 1430 deletis.
1187 1363 1286 1426 Varro
1321 1359 1351 1422 in

284 1493 502 1562 Praetoribus:
530 1484 652 1552 Delitae
676 1482 811 1547 literae.“
855 1477 915 1543 Sed
934 1474 1143 1561 'suspicionem
1165 1469 1253 1537 nobis
1275 1488 1349 1533 mo·

284 1611 336 1669 vet
351 1601 496 1688 primum,
515 1593 598 1682 quod
618 1593 683 1679 ejus
704 1590 920 1657 Praetorionoe
937 1607 1000 1650 non
1025 1585 1102 1650 alius
1120 1582 1251 1667 scriptor
1270 1577 1351 1643 udus

284 1711 473 1779 mentionem
492 1705 578 1781 iecit,
607 1701 718 1767 deinde
741 1699 825 1788 quod
847 1699 879 1764 in
903 1706 950 1762 tot
969 1704 1095 1781 tamque
1118 1691 1209 1756 variis
1226 1689 1350 1754 Varro-

285 1822 448 1888 nianorum
468 1816 617 1882 librorum
639 1809 889 1897 inscriptionibus
912 1829 951 1873 ne
972 1826 1066 1872 unam
1087 1801 1209 1889 quidem
1230 1805 1351 1864 exstare

284 1931 438 2009 videmus,
466 1946 545 2014 quae
568 1923 611 1988 ilii
637 1934 775 2005 ἀνάλογος
805 1920 853 1985 sit.
896 1917 968 1996 Quo
996 1934 1092 2002 quum
1118 1909 1239 1976 accedet
1267 1907 1352 1993 quod
1457 1975 1458 1979 Ἰ

284 2043 365 2107 inter
387 2039 512 2106 Saturae
527 2031 685 2109 Varronis,
706 2037 743 2096 ut
764 2029 906 2106 vidimus,
926 2024 1076 2114 quaedam
1099 2020 1157 2087 ruit
1177 2017 1352 2085 Iiuatade-

284 2151 339 2228 lae,
359 2160 436 2230 περὶ
454 2158 647 2229 ’Exceptus
669 2140 700 2205 h.
721 2161 748 2204 e.
770 2138 807 2204 de
829 2137 986 2204 Praeturis
1011 2132 1165 2218 inscripta,
1184 2127 1350 2195 ‘admodum

284 2255 450 2347 probabilis
476 2253 650 2340 conjectura
672 2271 739 2315 esse
765 2248 899 2326 videtur,
929 2247 953 2312 si
980 2252 1150 2310 statuamus
1169 2237 1351 2305 stacone-

283 2364 355 2436 nom
383 2375 414 2432 et
441 2363 649 2439 flaucatum,
680 2374 762 2445 περὶ
782 2371 968 2443 Exceptus
995 2376 1058 2419 non
1091 2351 1227 2418 diversos
1258 2349 1350 2416 libros

185 2528 199 2550 a
284 2479 391 2545 fuisse:
424 2473 506 2541 unde
536 2471 629 2537 etiam
658 2469 865 2554 fragmentum
898 2465 972 2531 illud
1005 2464 1087 2552 quod
1113 2461 1281 2530 Diomedes
1315 2482 1350 2526 ex
1459 2467 1460 2474 ’

284 2587 483 2654 Praetoriono
508 2584 596 2661 citat,
628 2579 756 2647 Saturae
784 2577 867 2645 iilius
888 2575 1027 2663 reliquiis
1050 2573 1127 2639 inira
1155 2571 1349 2638 inserendum

285 2717 352 2761 esse
374 2694 557 2781 putavimus.

368 2801 587 2873 uescentium
609 2799 731 2875 librum,
753 2797 816 2861 siue
834 2795 937 2883 potius
954 2793 1116 2858 dicendum
1134 2793 1174 2857 sit
1183 2793 1348 2861 Mensura-

284 2916 323 2981 ies
340 2914 433 2980 libros
448 2910 597 2976 Varronis
620 2908 700 2972 inter
719 2905 845 2972 Saturae
869 2923 1065 2990 nequaquam
1086 2923 1153 2969 esse
1178 2900 1350 2967 admitten-

284 3024 352 3103 das,
374 3021 423 3088 vei
445 3021 511 3106 ipsa
533 3016 692 3103 inscriptio
713 3015 824 3081 doceie
846 3012 973 3080 videtur.
1016 3012 1160 3079 Meminit
1180 3010 1247 3096 ejus
1268 3032 1350 3097 ope-

284 3133 325 3199 ris
345 3130 521 3197 Priscianus
544 3127 597 3196 Gr.
619 3127 638 3191 Ι.
654 3126 745 3203 VIII,
770 3144 795 3189 c
819 3124 868 3189 Il.
889 3144 918 3209 p.
941 3120 1012 3188 403.
1033 3121 1070 3187 ed
1092 3120 1147 3187 IIr.
1166 3119 1214 3184 his
1235 3120 1350 3187 verbis:

284 3242 382 3322 „Sunt
401 3239 509 3317 verba,
530 3237 644 3325 qrribus
665 3234 778 3300 desunt
799 3240 830 3298 et
850 3240 990 3319 tempora
1009 3238 1041 3296 et
1060 3249 1222 3317 personae,
1242 3238 1281 3295 ut
1298 3228 1350 3295 io-

284 3370 365 3425 rem,
384 3348 480 3425 iores,
503 3345 597 3421 roret,
618 3344 734 3420 forent,
761 3341 841 3417 Iore;
871 3339 960 3415 cedo;
983 3340 1066 3418 infit,
1092 3338 1177 3426 cujus
1197 3338 1299 3404 Varro
1321 3338 1351 3401 in

284 3455 505 3525 Honoratum
521 3454 651 3539 prImam
672 3450 760 3536 ponit
776 3456 966 3538 personam.“
996 3449 1122 3515 Rectius
1141 3446 1269 3514 fortasse
1281 3448 1351 3513 Lo—

283 3562 434 3651 gistoricis
450 3562 642 3639 adnumeres,
653 3559 679 3625 si
695 3558 821 3646 quidem
840 3560 916 3625 liber
934 3558 1015 3624 idem
1031 3579 1098 3623 esse
1115 3557 1247 3634 videtur,
1258 3575 1351 3642 quem

283 3670 432 3741 Boethius
451 3670 706 3750 ,‚Ded1enmris“
726 3669 917 3746 laudat1⁰);
938 3688 1036 3754 quum
1058 3665 1237 3732 memineris
1258 3665 1352 3729 etiam

283 3782 350 3862 „De
374 3779 533 3850 Numam
556 3778 690 3845 Varroni
716 3777 941 3864 Logistoricum
970 3778 1118 3866 scriptum
1150 3773 1253 3842 fuisse.
1306 3773 1356 3837 ee

355 3936 399 3997 ιθ)
416 3932 488 3985 Vide
505 3946 559 3984 nos
577 3931 650 3984 turra
667 3933 702 3983 ad
719 3933 792 3984 hene
809 3934 947 3983 laturam.

354 4021 397 4080 ¹⁹)
416 4019 512 4071 noeto.
529 4032 555 4082 p.
575 4016 651 4069 1³42.
670 4017 714 4067 ed.
734 4016 820 4069 Besil.
840 4014 916 4067 157⁰.
937 4016 986 4067 tol.

1464 4246 1465 4263 i

412 4655 737 4666 ΠἪ--ψᾈ-μρᾳ
751 4661 773 4662 Π

371 4664 405 4673 -
793 4662 988 4671 —
1090 4294 1465 4749 ——fffi-ffi—-j
