2934 4750
295 311 335 352 uls
359 311 484 354 autumi
506 311 653 356 SATUBAR
678 311 861 356 MRMPPBAR
883 313 1050 358 tenuastis.
1163 300 1208 362 ⁸⁶

135 477 220 542 sibus
240 476 454 544 contexuerit‘
477 481 541 554 ²⁶).
585 475 678 555 Quod
696 475 823 562 quidem
843 497 953 563 parum
972 488 1061 546 caute
1079 480 1207 567 judiea-

134 595 200 654 tum
223 593 304 652 esta
326 585 393 652 siro
413 584 530 670 iigenii
550 585 665 672 alioqui
687 585 849 672 prudentis
869 609 905 653 ae
925 588 1036 656 sobrii:
1057 612 1206 677 praeser-

133 697 189 762 tim
207 716 305 783 quum
325 695 468 762 nonalia
487 694 601 762 indicio
621 693 711 762 inniti
729 695 879 774 rideatur,
900 718 994 784 quarn
1015 699 1069 766 illo
1089 721 1155 768 uno
1174 705 1207 770 in

133 805 353 892 Necyomantia
383 805 527 882 buslani,
550 803 645 891 xquod
670 804 782 872 salsum
806 807 935 874 omnino
960 829 1028 876 csse
1052 811 1116 898 jam
1143 834 1206 880 su-

133 936 189 1002 pra
214 915 415 982 ostendimus.
464 914 545 982 Huic
577 915 707 992 accedit,
737 914 822 1001 quod
853 916 885 982 in
916 918 1043 1005 reliquis
1070 921 1205 1008 ejusdem

134 1025 292 1113 scriptoris
313 1024 441 1110 dialogis
460 1024 647 1112 Menippeus
669 1045 788 1103 sermo,
810 1027 1056 1115 quotiescunque
1076 1031 1205 1098 induci-

133 1146 194 1214 tur‚
216 1158 256 1201 ne
271 1135 368 1201 semel
388 1134 513 1220 quidem
532 1134 627 1200 istum
649 1155 740 1199 usum
763 1134 891 1202 retinet:
909 1136 994 1220 quod
1010 1159 1206 1226 nequequam

134 1246 347 1332 neglectorum
374 1243 469 1310 luisse
493 1243 626 1310 arbitror
645 1243 845 1319 Lucianum‚·
869 1245 984 1330 quippe
1011 1246 1208 1313 studiosissi-

25 1442 27 1454 .
135 1377 220 1422 mum
236 1353 355 1441 alioqui
377 1353 410 1418 in
431 1373 574 1420 sermone
595 1360 628 1418 et
644 1352 785 1418 moribus
805 1351 911 1437 Cynici
933 1357 1208 1440 repraesentandis,

135 1466 161 1531 si
187 1466 238 1532 bio
259 1484 367 1530 revera
387 1462 529 1548 paradius
550 1483 585 1526 ao
605 1481 713 1527 versus
734 1462 855 1526 solutae
875 1463 1008 1530 orationi
1030 1465 1208 1553 intersper-

134 1597 208 1660 gere
234 1572 455 1638 consuevisset.
503 1571 562 1638 Sed
586 1571 633 1637 lac
658 1592 729 1638 cum
752 1571 950 1650 Gnsaubono,
985 1595 1057 1640 eum
1086 1575 1129 1641 ita
1153 1576 1209 1642 lo-

134 1685 192 1769 qui
206 1683 255 1748 rel
274 1680 408 1746 seribere
427 1680 551 1746 solitum
571 1701 648 1758 esse,
661 1703 733 1766 quo,
750 1701 876 1767 quaeso,
887 1681 957 1767 jure
977 1682 1036 1748 boo
1056 1691 1120 1750 tam
1140 1707 1206 1752 no-

137 1811 211 1856 vum
234 1798 289 1855 aut
308 1811 400 1875 grave
422 1790 518 1856 videri
538 1797 671 1876 poterat,
701 1798 739 1854 ut
758 1798 907 1876 tanquam
928 1792 1051 1877 privum
1070 1802 1102 1859 et
1125 1817 1208 1882 pro-

135 1900 239 1986 prium
257 1900 311 1965 uni
321 1901 471 1987 Menippo
487 1900 702 1966 addiceretur?
720 1922 760 1965 ne
778 1900 854 1966 illud
872 1922 1024 1980 moneam,
1038 1904 1123 1989 quod
1143 1927 1208 1970 ne·-

136 2009 251 2074 minem
273 2017 375 2096 potest
394 2010 516 2096 lugere,
538 2011 653 2077 scilicet
674 2009 752 2075 nihil
768 2009 912 2076 usitatius
931 2011 983 2077 illa
1004 2020 1106 2079 aetate
1127 2015 1210 2100 apud
1262 1994 1264 1998 ’

137 2119 271 2185 Gnaeos
287 2119 397 2199 luisse,
423 2141 517 2206 quam
539 2129 701 2208 poetarum
724 2141 831 2186 versus
857 2128 890 2185 et
908 2123 1087 2188 memoriter
1107 2123 1210 2189 dicere

137 2237 170 2294 et
188 2229 319 2315 scriptae
343 2231 492 2296 orationis
512 2232 693 2314 gravitatem
716 2230 874 2313 eleganter
894 2230 932 2294 iis
950 2251 1061 2294 ornare
1079 2239 1134 2296 aut
1155 2232 1211 2296 la-

136 2346 204 2404 eete
225 2337 423 2423 distinguere.
453 2339 556 2417 Quem
576 2357 694 2405 morem
712 2358 810 2423 quum
833 2336 926 2402 etiarn
945 2336 1118 2425 posteriore
1136 2357 1212 2406 aero

137 2448 220 2535 apud
237 2448 401 2533 utriusque
423 2448 537 2513 veteris
559 2447 666 2533 populi
688 2446 852 2531 scriptores
872 2446 1046 2513 obtinuisse
1072 2449 1213 2535 exemplo

136 2565 212 2624 sunt
228 2557 386 2643 permrdti
404 2578 538 2643 quorum
555 2576 649 2641 opera
667 2553 760 2619 bodie
781 2554 927 2639 leguntur
944 2558 1121 2644 nostrisque
1137 2578 1213 2623 ma-

136 2668 232 2733 nibus
252 2673 431 2743 versantur,
462 2665 559 2730 nihilo
584 2673 688 2731 mmen
714 2663 811 2749 magis
840 2663 898 2730 bac
919 2673 1048 2752 propter
1072 2668 1213 2755 Menippi

136 2774 248 2861 Cynici
264 2776 401 2841 aemulos
420 2796 473 2840 eos
491 2774 592 2840 dicere
615 2782 662 2840 est
677 2795 771 2840 ausus
785 2773 949 2861 quisquam
970 2797 1071 2863 neque
1087 2778 1215 2846 audebit

137 2904 293 2971 unquam:
314 2906 378 2950 uno
398 2906 510 2971 nempe
525 2884 709 2951 Gasaubono
731 2892 874 2970 excepto,
896 2884 949 2970 qui
966 2885 1082 2953 Juliani
1099 2890 1213 2976 Impe-

139 2995 251 3061 ratoris
266 2994 412 3061 Caesares
431 3003 463 3061 et
477 2995 715 3081 Misopogonem
734 3001 827 3079 atque
841 2992 976 3060 Seneem
990 2999 1213 3085 Apoeoloeyn-

140 3103 244 3169 tbosin
262 3104 310 3169 vel
326 3104 397 3169 inde
412 3104 517 3191 generi
527 3102 928 3189 Menippea-Varroniano
945 3104 1119 3190 adjudicare
1135 3108 1214 3174 velle

141 3210 278 3291 videtur,
304 3214 377 3299 quie
399 3212 532 3280 orationi
555 3212 668 3277 borum
696 3210 871 3275 libellorum
896 3212 1030 3290 solutae,
1057 3234 1118 3299 qua
1143 3225 1217 3281 sunt

140 3322 309 3389 maximam
323 3330 443 3407 partem
465 3320 640 3404 conscripti,
654 3339 763 3385 versus
779 3338 906 3403 quoque
925 3324 992 3382 tum
1012 3320 1129 3406 proprii
1148 3329 1216 3389 tum

140 3430 236 3499 alieni
250 3429 368 3514 ingenii
388 3430 427 3495 ab
446 3427 623 3494 auctoribus
641 3426 749 3492 inserti
769 3433 851 3504 sunt,
868 3447 978 3513 parum
993 3429 1118 3515 quidem
1132 3454 1216 3499 eon-

142 3540 283 3607 sidereus
298 3538 368 3605 illos
386 3539 477 3625 longe
497 3537 649 3604 diversam
669 3545 702 3604 et
718 3536 809 3602 aliam
826 3537 987 3603 materiam
1005 3542 1216 3629 eomprehen-

143 3649 226 3727 dere‚
249 3668 342 3735 quam
364 3649 428 3715 suis
451 3648 536 3714 libris
556 3647 741 3735 Menippum
762 3654 795 3713 et
813 3648 986 3715 Varronem
1004 3653 1217 3737 comproben-

141 3758 226 3825 disse
242 3764 373 3836 constat,
389 3758 444 3844 qui
462 3757 595 3824 mammo
615 3778 650 3823 ao
669 3756 733 3822 lere
756 3757 857 3823 solum
878 3756 910 3821 in
932 3757 1124 3846 pbilosophis
1146 3768 1219 3828 sunt

145 3886 316 3952 eorumque
338 3866 469 3954 ineptiis.
485 3865 659 3934 deridendis
683 3866 805 3934 uersati.
848 3866 910 3933 Sed
928 3866 967 3933 de
993 3867 1051 3934 bae
1078 3890 1112 3935 re
1140 3869 1219 3935 inira

145 3975 292 4041 dicemus.
310 4012 352 4023 -

217 4114 263 4171 ²⁸)
280 4110 402 4163 casaub.
418 4112 437 4162 l.
453 4112 473 4160 l.
490 4125 517 4174 1³.
535 4112 585 4161 8⁰6
601 4125 645 4173 ³¹1·
