2934 4750
270 255 311 316 14
656 271 887 316 eorruuurcrto
910 273 950 316 ors

354 437 428 504 Post
444 434 627 502 instauratos
642 435 883 520 quadringentos
901 435 966 502 lerc
985 435 1097 502 abhinc
1113 457 1212 505 conos
1226 438 1340 518 literas,

269 546 361 634 primi
382 544 570 629 collegerunt
593 545 742 610 Varronis
763 544 944 612 Saturarum
965 546 1135 631 fragmenta
1157 547 1341 634 tabulasque

270 654 418 740 naufragii
453 654 654 722 instituerunt
683 652 839 722 Robertus
867 663 900 720 et
926 655 1080 725 chricus
1104 656 1278 742 Stephanus
1308 659 1341 725 in

269 765 363 843 libro,
388 763 437 832 cui
460 763 696 848 inscripserunt:

352 875 533 959 Fropmmtc
547 885 708 960 poctarum
727 884 857 938 ocimum
878 874 1072 951 Latinorum,
1100 895 1228 961 pnorrcn
1248 899 1342 964 opero

353 1005 416 1050 non
437 993 559 1048 ructant.
588 982 676 1047 Anno
698 977 897 1050 Mbrxrffl.
923 983 1042 1050 Erned.
1059 984 1154 1053 Henr.
1172 985 1342 1073 scoplano

354 1093 477 1160 illustris
498 1093 562 1156 oiri
578 1091 688 1158 Hnldr.
709 1087 844 1179 anperi
862 1093 1074 1182 typopropbns.

269 1203 455 1290 Fragmenta
476 1201 624 1266 Varronis
644 1201 789 1286 leguntur
810 1202 883 1267 inde
904 1223 923 1267 a
941 1223 1009 1288 pag.
1029 1203 1093 1269 305
1113 1224 1179 1288 sqq.
1200 1210 1254 1282 23)
1276 1241 1319 1252 -

353 1312 483 1378 Secutus
507 1318 554 1376 est
574 1311 730 1379 Antonius
749 1311 961 1389 Riccobonus,
990 1312 1045 1398 qui
1066 1311 1105 1378 ad
1131 1313 1244 1379 calcem
1269 1313 1340 1381 libri

166 1503 170 1510 Ι
269 1423 316 1487 sui
335 1423 401 1500 „De
422 1421 592 1497 Historio“‚
620 1420 759 1489 Venetiis
781 1441 808 1486 a.
832 1419 915 1488 1568
936 1420 1027 1499 editi,
1053 1420 1135 1486 inter
1159 1422 1340 1490 llistorico-

269 1552 338 1598 rum
365 1537 504 1598 veterum
524 1529 705 1596 Latinorum
729 1527 892 1615 reliquias,
913 1531 1006 1598 etiam
1027 1530 1175 1596 Varronis
1195 1553 1259 1598 non
1279 1553 1340 1598 ro-

269 1641 333 1706 lum
364 1637 560 1714 Saturarum,
591 1637 644 1702 sed
670 1645 844 1705 ceterorum
868 1660 993 1726 quoquc
1014 1659 1144 1724 operum
1171 1639 1342 1724 fragmenta

269 1747 406 1833 undique
427 1745 553 1812 collecta
576 1746 723 1812 exhibuit.
758 1743 853 1834 Cujus
871 1749 973 1834 operis
995 1750 1090 1815 altera
1112 1748 1206 1815 editio
1226 1750 1342 1835 prodiit

269 1879 295 1924 a.
317 1856 407 1924 1579.
437 1854 576 1922 basileae
602 1877 640 1921 ex
666 1849 787 1926 officina
811 1858 895 1924 Petri
920 1858 1054 1936 Pernae,
1077 1859 1110 1924 in
1128 1877 1189 1943 qua
1211 1857 1263 1923 illa
1284 1858 1341 1924 le-

269 1973 383 2050 guntur
402 1965 473 2030 inde
494 1984 511 2030 a
532 1986 597 2050 pag.
616 1965 679 2030 uto
699 1987 765 2052 sqq.
789 2002 830 2014 -

353 2075 525 2142 Duodecim
552 2074 640 2139 annis
669 2083 741 2160 post
768 2072 847 2139 hanc
873 2075 1042 2140 Riccoboni
1068 2076 1195 2140 alteram
1226 2076 1341 2160 prodiit

270 2207 349 2252 nova
368 2183 508 2251 collectio
529 2183 677 2248 Varronis
694 2183 938 2268 fragmentorum
957 2207 1020 2250 uon
1041 2183 1181 2250 omnium
1203 2184 1339 2268 quidem,

268 2294 321 2359 sed
342 2294 578 2381 Menippearum
602 2293 717 2371 solum,
740 2295 1001 2381 Logistorioorum
1023 2301 1054 2358 ct
1072 2294 1120 2359 De
1139 2292 1340 2379 Philosophia

268 2406 354 2484 libri,
373 2414 497 2472 auctore
516 2404 656 2470 Ausonio
674 2404 808 2489 Popmn,
828 2404 945 2482 Frisio,
963 2404 1021 2470 sub
1042 2403 1102 2469 boo
1123 2404 1229 2469 titulo:

352 2516 532 2602 Fropmantc
554 2514 596 2583 M
620 2514 753 2579 Termtir‘
782 2514 927 2579 Varronis
948 2512 1129 2601 Satyrorum
1153 2512 1339 2599 llcnrppeo-

352 2646 431 2701 rnm,
449 2624 713 2710 Lopr'storicornm
737 2637 881 2705 Περιπλοῠ
899 2637 1080 2705 φιλοσοφίας,
1102 2622 1272 2687 Promethei
1290 2622 1339 2686 lib.

352 2732 401 2808 Π,
426 2733 472 2797 De
494 2733 686 2819 Pln'losopbr'o
711 2732 791 2797 libri.
833 2731 947 2797 Ederete
973 2741 1000 2795 et
1023 2743 1188 2797 recensente
1205 2732 1339 2798 Ausonio

352 2840 476 2926 Popnm,
487 2841 597 2905 Frr'rio.
607 2878 648 2885 -
660 2842 828 2927 Franqner.
839 2840 959 2905 Erond.
976 2840 1079 2926 Aepr'd.
1093 2840 1245 2918 Itonaeos,
1262 2841 1337 2906 ord.

354 2949 433 3033 Fris.
454 2949 582 3036 Typopr.
600 2949 634 3013 r'n
647 2948 740 3013 Acori.
755 2950 923 3037 Fronqner.
947 2949 1016 3035 619.
1031 2949 1080 3035 19.
1095 2950 1177 3017 IXG.
1195 2952 1230 3016 in
1242 2948 1272 3016 8.
1284 2956 1339 3028 ²⁴¹)

268 3058 418 3125 Omnium
448 3066 551 3123 cutem
578 3058 669 3143 longe
697 3058 937 3145 locupletissima
963 3060 1111 3125 Varronis
1139 3059 1339 3145 reliquiarum

268 3244 304 3282 ex
320 3231 422 3281 lsidor.
442 3229 540 3294 origg.
557 3230 581 3295 l,
600 3230 624 3278 3.
643 3256 677 3265 -
696 3232 730 3281 V.
751 3243 821 3295 quae
842 3231 975 3279 adnotata
994 3234 1059 3279 sunt
1078 3244 1095 3280 a
1117 3231 1261 3280 Krannero
1280 3231 1299 3279 l.
1320 3232 1338 3278 Ι.

266 3330 293 3376 p.
313 3316 355 3363 30.

336 3399 382 3456 ²³)
411 3399 586 3448 Adservatur
610 3396 693 3462 hujus
717 3398 813 3459 operis
837 3399 990 3460 exemplum
1015 3409 1098 3446 manu
1119 3395 1204 3446 Dion.
1226 3399 1256 3445 et
1275 3396 1338 3446 Jac.

269 3480 432 3532 Gotbolredi
449 3493 538 3539 ‚manu
563 3484 734 3531 emendatum
759 3494 793 3530 ac
816 3484 973 3544 suppletum
997 3480 1026 3530 lu
1048 3480 1116 3529 llibl.
1139 3481 1235 3529 senat.
1261 3480 1338 3541 bips.

269 3566 395 3615 Alterum
410 3577 492 3613 mauu
507 3566 534 3613 J.
550 3566 665 3615 Dousae
682 3566 854 3614 emendatum
870 3565 1012 3627 reperitur
1029 3564 1059 3613 in
1079 3564 1147 3613 llibl.
1164 3565 1199 3614 Ι..
1217 3566 1248 3613 ll.
1265 3592 1301 3601 -

335 3648 382 3709 ²⁴)
400 3651 606 3699 Memoratura
632 3648 794 3711 quibusdam
818 3649 947 3713 (Krebs,
973 3648 1087 3699 llcndb.
1110 3648 1341 3713 1111111131-

268 3733 447 3798 clrerlrnnde,
476 3736 541 3781 tom.
560 3733 587 3796 1,
611 3746 637 3795 p.
655 3734 718 3792 183)
743 3733 822 3795 prior
845 3730 909 3797 ejus
931 3732 996 3782 libri
1019 3732 1105 3782 editio
1129 3729 1341 3781 1115811εά

266 3821 346 3869 recte
369 3816 529 3877 suspicatus
556 3820 601 3866 est
625 3818 747 3867 Ebertns
769 3818 797 3868 in
820 3820 891 3868 Lex.
915 3817 1049 3879 Bibliogr.
1074 3819 1140 3866 tom.
1158 3816 1201 3878 ΙΙΙ,
1225 3830 1252 3877 p.
1273 3816 1339 3866 toll

267 3915 328 3953 eam
352 3914 488 3964 uunquam
511 3901 667 3951 exstitisse.
703 3903 787 3952 Putat
811 3904 931 3952 Ebertus
955 3914 1081 3950 errorem
1105 3903 1196 3950 ortum
1216 3913 1283 3949 esse
1306 3913 1340 3949 ex

266 3987 340 4037 falsa
359 3985 589 4048 interpretatione
613 3986 735 4051 numeri,
771 3998 850 4048 quern
873 3984 955 4033 titulo
979 3983 1044 4034 libri
1067 3984 1232 4045 impressum
1255 3996 1341 4046 supra

267 4070 477 4133 adscripsimus.
