2934 4750
416 340 457 385 us
480 337 690 390 euenum
712 337 931 386 intromisso.
1165 315 1209 380 'id

220 507 334 594 'Neque
351 503 439 572 ieoiie
455 503 603 591 proiecto·
615 504 775 591 negotium
797 512 873 583 erut,
895 500 1019 572 innuitis
1042 501 1208 570 nonane-

143 635 210 686 nuu
230 616 363 703 ingeniis
382 623 415 683 et
437 614 470 680 in
491 613 540 682 his
559 614 800 702 elegantioribus
820 614 930 684 studiis
950 634 1061 701 perum
1081 613 1210 682 verutis

140 727 181 793 ite
201 726 240 792 de
260 724 456 814 philosophia
477 724 626 805 seribere,
649 731 687 790 ut
707 723 777 790 libri
797 745 815 792 a
835 724 944 811 quovis
966 725 1125 792 literarum
1145 743 1209 790 non

139 857 265 923 prorsus
286 836 358 905 rudi
378 858 441 906 non
458 836 560 904 seium
575 835 643 904 sine
661 834 764 902 toedio
784 834 924 922 intelligi,
946 835 998 902 sed
1022 834 1115 900 etiem
1138 853 1209 902 eum

139 946 242 1016 iruetu
260 956 293 1016 et
311 946 517 1015 obieotutione
533 946 658 1014 tredmi
673 952 808 1032 possent.
839 943 986 1014 Nondum
1003 945 1104 1014 vuiide
1121 951 1211 1013 eruut

140 1057 330 1126 Greeoerum
352 1059 510 1126 iitererirm
531 1054 713 1144 praesertim
734 1053 948 1143 philosophiae
970 1055 1159 1124 incremento
1179 1057 1211 1122 in

138 1167 245 1249 Letio,
276 1189 377 1256 neque
397 1190 416 1236 a
435 1167 541 1236 multis
561 1166 760 1233 fovebantur:
786 1172 833 1246 et,
860 1165 889 1231 si
913 1165 967 1252 qui
995 1164 1133 1245 tuerent,
1157 1167 1211 1252 qui

139 1275 225 1344 iilam
252 1278 368 1346 Latiari
398 1278 485 1347 ooeio
514 1275 750 1348 assuescendom
778 1282 811 1340 et
834 1275 936 1362 patrio
961 1295 1104 1344 sermone
1133 1274 1212 1342 iiiu-

140 1387 297 1456 strendem
313 1396 528 1475 suseepemut,
547 1408 657 1456 eorum
673 1386 810 1465 iuberes,
832 1384 1000 1472 quominus
1018 1383 1213 1452 iruotuosio-

139 1517 189 1562 res
206 1497 320 1577 iorent,
334 1497 538 1584 prohibuerat
558 1497 671 1584 pertirn
691 1496 831 1584 ipsorum
849 1515 989 1582 operum,
1004 1515 1086 1582 quae
1105 1494 1214 1564 dirui-

138 1606 273 1692 gebent,
300 1606 476 1692 inexpedita
500 1607 633 1693 gravitas
660 1607 803 1674 Romano
824 1613 857 1674 et
877 1605 1003 1691 iugenio
1025 1613 1058 1674 et
1079 1605 1214 1672 sermoni

139 1715 278 1814 menime
299 1714 510 1797 incommode,
537 1716 651 1804 pertim
670 1716 817 1784 materiae
838 1715 872 1782 in
894 1715 955 1784 iiiis
979 1723 1127 1784 treotetee
1145 1714 1214 1782 dii-

139 1823 273 1904 fiemus,
290 1845 352 1912 qim
370 1824 496 1913 quidem
516 1847 640 1894 neeesse
660 1834 728 1894 eret
742 1825 765 1892 ii
783 1845 906 1894 summo
921 1824 1025 1896 taedio
1044 1825 1213 1896 uiiieeren-

139 1942 209 2015 tur,
238 1935 292 2022 qui
318 1936 457 2006 noudum
482 1938 556 2005 setis
576 1935 625 2005 iiis
651 1937 761 2005 studiis
782 1919 900 2004 'imbuti
927 1946 1016 2004 erent
1037 1943 1081 2017 ⁴).
1124 1935 1214 2016 Quee

139 2064 240 2131 quum
263 2043 308 2111 ite
330 2054 449 2128 essent,
480 2048 580 2116 Verre
601 2069 666 2114 uon
687 2047 857 2116 ielioiorem
879 2056 1003 2134 poteret
1024 2048 1057 2114 in
1078 2067 1214 2135 compo-

141 2151 252 2220 nendis
272 2152 454 2227 Setumrum
472 2156 560 2226 libris
573 2157 729 2224 rationem
750 2157 839 2238 inire,
856 2178 950 2244 quem
969 2157 1054 2244 quod
1075 2178 1140 2224 non
1159 2176 1215 2242 per

140 2283 252 2349 graves
278 2270 333 2330 eut
355 2265 465 2351 longus
487 2265 735 2346 dissertationes,
763 2265 837 2344 sed,
865 2266 1007 2361 Menippi
1030 2263 1217 2332 Gadarensis

142 2384 362 2458 eumenium
379 2375 485 2443 stilum
503 2374 744 2465 disputandique
764 2374 892 2443 modum
914 2375 1066 2455 imitans,
1087 2396 1143 2462 per
1163 2373 1217 2441 ie-

141 2482 220 2553 oties
244 2489 277 2553 et
302 2481 418 2553 inoetos
444 2503 603 2551 sermones
629 2484 712 2551 cives
738 2485 835 2553 literis
854 2483 1075 2571 philosophieis
1096 2484 1217 2551 initiare

142 2592 380 2681 experiebatur,
410 2590 470 2661 hoo
497 2591 623 2680 quidem
650 2592 760 2674 modo,
792 2601 828 2663 ut
848 2594 1041 2681 singulorum
1065 2602 1217 2665 sertorum

142 2700 288 2790 inprimis
311 2700 487 2769 Stoicorum
509 2711 543 2770 et
560 2703 802 2792 Epieureonrm,
829 2705 885 2793 qui
905 2712 972 2773 tum
991 2706 1124 2773 maxime
1143 2706 1217 2774 Ro·

142 2831 218 2879 mae
243 2809 411 2891 florebunt,
442 2812 563 2900 singule
583 2813 696 2901 pieoite
715 2814 775 2882 sub
796 2835 927 2883 examen
949 2824 1087 2897 vosmet,
1118 2834 1217 2908 eoque

144 2942 210 2989 non
230 2919 298 2993 sine
314 2920 509 2993 mvidetione
530 2923 699 2993 illustraret
722 2923 814 2993 simui
839 2933 871 2993 et
898 2925 995 2995 ieoete
1020 2926 1217 3015 perstringe-

144 3037 196 3097 ret
215 3035 258 3109 ὅ).
301 3028 397 3119 Cujus
417 3034 548 3104 rationis
571 3034 727 3121 exemplu,
760 3056 839 3121 quae
865 3058 904 3104 er
933 3036 1012 3123 ipsis
1035 3038 1218 3107 Saturnum

145 3139 286 3229 reliquiis
302 3141 455 3225 estrimes,
475 3145 507 3213 in
527 3151 654 3231 promtu
674 3152 756 3212 sunt

149 3307 156 3313 .
231 3248 429 3319 Emisuiiitt
446 3265 723 3337 Κοσμοτορύνη,
741 3266 821 3337 eropi
841 3271 986 3337 diiopeie
1005 3269 1144 3337 Κόσμον
1161 3260 1218 3323 in-

145 3358 273 3443 scripto,
288 3376 385 3443 quum
404 3358 446 3427 nd
462 3358 638 3429 Stoieorem
655 3358 822 3429 mirificum
842 3360 920 3429 iliud
940 3361 979 3429 ds
1000 3362 1107 3431 mundi
1130 3363 1219 3435 inte—

146 3494 268 3559 sophiae
284 3495 312 3547 u.
328 3506 355 3545 e.
373 3496 409 3546 ed
423 3494 617 3553 mmmmm
633 3496 836 3563 philosophiam
852 3500 882 3551 et
900 3502 935 3552 nd
953 3500 1046 3557 studit
1061 3502 1124 3570 ejus
1142 3519 1220 3560 oom-

147 3578 319 3643 mendundo)
335 3578 463 3635 sortiere
482 3580 641 3637 voluimus“
657 3587 725 3637 oett.
745 3610 780 3625 ·-
802 3585 900 3650 inepte
914 3584 1052 3641 manner.
1066 3590 1086 3643 i.
1101 3592 1122 3644 i.
1142 3606 1169 3659 p.
1186 3592 1219 3645 1³

148 3678 211 3731 sq„
239 3662 287 3729 qui
307 3664 388 3726 putet
407 3672 461 3727 per
482 3667 730 3729 presentatio
754 3666 910 3735 significari
931 3672 1032 3726 librum
1048 3675 1219 3742 singularem

147 3746 249 3801 neseio
268 3758 348 3813 quem
369 3748 505 3812 prooemii
527 3749 617 3804 instar
638 3752 718 3806 libris
740 3754 940 3820 Antiquitatum
960 3758 1062 3810 Rerum
1080 3762 1221 3814 Humane-

147 3846 212 3886 ›rum
230 3831 360 3885 mutum
810 3832 813 3838 '

219 3918 249 3978 ⁴)
264 3913 308 3969 (ii.
324 3915 488 3981 Bernhardy
503 3918 653 3973 Gnrndriis
671 3922 721 3973 der
738 3923 815 3975 iidm.
832 3924 950 3978 Literni.
969 3942 995 3990 p.
1015 3928 1074 3979 sm.

223 4001 251 4061 ⁵)
270 4000 420 4055 dementit.
443 4002 479 4052 ir.
498 4001 558 4052 ton

306 4090 454 4149 „Postremo
471 4100 544 4138 nemo
567 4097 686 4149 ugrotus
703 4093 834 4150 eneruem
854 4097 960 4144 sennim

307 4158 368 4205 uem
385 4156 527 4218 inmotum,
545 4161 609 4214 eust
624 4167 675 4208 nen
693 4161 783 4217 munis
798 4162 863 4211 diost
878 4158 1069 4219 pudmpuue‘i
