2934 4750
302 316 367 376 21⁰
638 329 671 369 rr.
694 324 845 370 reeerru
870 324 1027 368 unruourr

304 499 466 562 nannetum
482 495 517 544 de
531 492 594 560 avi,
610 505 682 558 quae
698 505 780 556 quum
797 496 903 544 alarum
920 491 1038 554 remigio
1054 501 1139 542 auree
1154 491 1298 554 pervolat,
1317 503 1364 541 eae

304 589 434 646 tanquam
444 578 575 643 explicat.
610 578 748 628 coturnix
760 577 853 628 nautia
868 589 920 638 pro
932 574 1118 638 prognortioo
1133 577 1196 624 erat
1206 578 1303 624 terrae
1317 587 1368 638 ap-

304 663 525 730 propinquantia.
561 662 604 713 Gi.
617 663 688 726 Plip.
699 663 735 725 X,
745 662 804 710 83..
825 661 985 725 „Advoiant
1002 663 1031 710 et
1042 661 1096 709 hoc
1114 658 1198 708 riniii
1215 659 1297 709 niodo
1311 671 1366 709 non

304 751 366 800 aine
388 749 516 813 periculo
542 746 732 809 navigantium
756 757 817 795 cunr
844 744 1102 807 appropinquavere
1124 742 1218 792 terrie.
1252 741 1365 805 ¹Quippe

303 834 376 885 reiis
393 846 479 895 saepe
497 831 634 893 insidunt,
662 834 692 879 et
708 831 762 880 troc
780 841 891 891 semper
912 831 1012 892 noctu,
1042 829 1225 890 merguntque
1243 826 1366 890 navigia.

298 919 334 954 '—
355 944 390 956 -
411 921 486 968 Aura
502 920 593 966 tamen
609 913 672 962 reni
690 914 794 963 volunt·
806 915 920 973 propter
940 913 1049 972 pondus
1068 923 1217 972 corporum
1235 909 1367 973 viresqne

304 1015 417 1064 parrer.
457 1000 528 1050 ilinc
550 997 702 1048 volantium
727 997 778 1046 ille
802 995 969 1058 conquestio
997 996 1095 1046 labore
1122 992 1289 1056 exprosea‘t.
1325 994 1366 1044 Gi.

304 1085 423 1135 Aristot.
442 1081 611 1144 ii.A.xi1,
634 1080 660 1129 8.

371 1184 413 1234 17.
447 1185 499 1245 Δρ.
514 1182 587 1230 Non.
606 1195 634 1244 p.
653 1180 718 1243 242,
746 1180 789 1228 oa.
814 1195 842 1229 v.
863 1181 997 1231 Alumnoe
1016 1181 1193 1233 consuetudo
1216 1191 1289 1242 quoe
1307 1181 1366 1232 aiae

305 1269 351 1319 vel
369 1269 483 1332 educes,
499 1266 544 1316 rel
561 1277 624 1329 eos,
640 1265 686 1328 qui
702 1265 790 1328 eluunt,
807 1263 862 1314 dici
877 1265 975 1314 voluit.
999 1291 1025 1301 -
1047 1263 1097 1314 Udi
1109 1264 1187 1330 qood
1200 1263 1260 1328 top.
1279 1263 1365 1314 Godd.

304 1354 360 1403 Pro
379 1353 466 1418 qood,
483 1350 557 1413 quod
575 1350 735 1410 corruptum
751 1347 906 1414 videbatur,
923 1349 1066 1414 quondam
1083 1347 1285 1398 restitneroun
1301 1359 1365 1398 esse

306 1436 475 1487 censuimus.
509 1435 624 1483 Terent.
641 1435 711 1482 Eun.
728 1431 766 1496 11,
781 1431 807 1496 t,
824 1430 872 1480 lt:
897 1431 1002 1497 „Olim
1018 1431 1067 1482 isti
1085 1431 1250 1495 congeneri
1267 1445 1366 1495 qnon-

305 1523 376 1571 danr
398 1519 534 1581 quaeetue
551 1517 623 1578 apud
643 1517 767 1566 eaceiurn
789 1513 922 1577 prins“.
963 1514 1034 1565 Pliu.
1060 1515 1114 1579 ili,
1137 1517 1179 1565 se:
1212 1515 1366 1580 „Oppidum

304 1604 434 1655 Formiae
451 1600 581 1652 ilornriae
597 1599 697 1662 prius
715 1599 792 1650 oiim
815 1596 947 1650 diotum“.

375 1704 416 1752 18.
451 1705 502 1764 Ap.
521 1704 592 1751 Non.
610 1714 636 1761 p.
655 1699 722 1765 dds,
748 1701 791 1752 28.
811 1715 837 1750 v.
856 1700 976 1762 Pullum,
1000 1723 1032 1734 -
1056 1700 1228 1750 noneiburn.
1250 1723 1286 1740 -·
1318 1699 1365 1750 ute

304 1788 392 1838 nitidi
414 1785 502 1835 Godd.
545 1785 596 1834 Ubi
615 1797 689 1835 nuno
712 1782 750 1849 cj.
776 1784 889 1835 canter.
913 1784 984 1832 Nov.
1011 1783 1090 1832 Leot.
1116 1783 1154 1848 V,
1179 1783 1221 1832 28.
1242 1784 1365 1832 tortasse

305 1869 386 1921 metri
396 1881 500 1930 caura5
515 1870 587 1931 qued
599 1880 656 1917 non
670 1872 822 1933 operetur,
837 1867 980 1931 siquidem
991 1867 1261 1929 proceleusmaticus
1272 1868 1367 1930 inpri-

305 1969 350 2005 rno
364 1954 433 2016 pede
451 1951 523 2002 eatis
536 1953 669 2014 frequens
681 1957 710 2002 et
725 1954 795 2014 apud
809 1953 936 2002 Graecos
951 1954 980 2000 et
995 1953 1068 2013 apud
1080 1951 1198 2002 Latinos
1214 1955 1268 2002 ert.
1304 1952 1367 2002 Mo-

304 2041 384 2090 deote
407 2038 530 2088 omiotoo
552 2039 680 2100 parcunt
699 2050 728 2101 p.
749 2035 842 2104 codd.
867 2039 1014 2098 corrupte3
1048 2034 1172 2099 quamvis
1197 2037 1366 2099 obloquente

306 2123 436 2174 'l'urnebo
452 2122 523 2171 Adv.
540 2121 644 2185 xxix,
659 2121 716 2185 28„
735 2121 782 2182 qui
798 2132 937 2187 „pascere
955 2119 1083 2170 amictum
1096 2117 1234 2180 pectore“
1249 2117 1366 2172 mirifice
1459 2177 1460 2184 ρ

305 2209 520 2270 interpretatur:
542 2204 652 2267 pectori
671 2205 800 2254 amictum
818 2202 996 2266 adstringere
1014 2206 1043 2253 et
1061 2201 1223 2278 opprimere.
1257 2204 1365 2255 Acidai.

306 2293 348 2352 (in
367 2293 479 2341 Gruter.
495 2291 590 2351 Lamp.
606 2290 656 2354 vi,
670 2303 697 2352 p.
714 2289 772 2347 2⁰.)
788 2290 903 2349 putabat
920 2287 1095 2338 scribendum
1112 2299 1177 2338 ease
1194 2291 1273 2340 verte
1289 2302 1366 2354 pora

306 2391 331 2428 c.
346 2376 462 2427 modico
478 2376 507 2426 et
520 2377 649 2425 modesto
663 2376 772 2425 orricio
785 2376 911 2437 percont
927 2374 967 2433 (h.
984 2384 1009 2422 e.
1026 2376 1220 2435 compescunt)
1235 2376 1365 2438 pectora.

306 2463 419 2526 Poprna,
432 2457 518 2509 Godd.
535 2455 616 2512 iidem
631 2460 758 2523 secutur,
769 2457 893 2519 explicat
907 2460 1028 2519 parcunt
1043 2469 1095 2518 per
1111 2456 1257 2523 ,‚iovent“.
1290 2458 1368 2507 dier·

307 2557 390 2595 cerua
415 2541 526 2593 accedit
545 2541 674 2592 Palmerii
698 2538 897 2607 conjecturae,
932 2541 980 2604 qui
1006 2540 1097 2592 voluit
1121 2544 1221 2595 amicti
1239 2545 1369 2606 pareunt

305 2640 422 2693 pecore.
456 2626 616 2678 Novissime
635 2625 755 2675 tentavit
774 2625 957 2688 fragmentum
980 2626 1112 2676 Doederl.
1136 2628 1242 2687 synon.
1263 2626 1317 2689 ΙΙΙ,
1340 2640 1366 2689 p.

306 2714 357 2763 tot
374 2725 432 2776 eq,
453 2708 537 2777 cnjus
555 2711 641 2761 verba
662 2722 788 2772 appono:
823 2709 993 2774 „Vieiieicht
1011 2710 1122 2760 schriob
1139 2712 1245 2760 varro:
1273 2710 1324 2761 Uti
1340 2725 1366 2763 a.

306 2798 380 2861 epi„
395 2798 473 2846 verte
486 2793 819 2860 praecommendata
835 2796 937 2845 amicti
953 2790 1007 2838 *ss
1024 2796 1155 2859 pectora.
1190 2794 1242 2844 Die
1253 2794 1367 2845 Luecke

305 2879 430 2928 entiaeit
449 2878 566 2927 hoeciot
583 2876 817 2928 wohreeheInlich
837 2878 882 2927 eiu
900 2878 1048 2940 Epitheton
1066 2891 1121 2929 von
1136 2882 1269 2943 pectora,
1298 2880 1369 2929 wei-

307 2962 374 3011 chee
393 2960 475 3009 einen
492 2961 656 3021 Gegeneatz
672 2972 765 3023 gegen
783 2961 927 3011 modestus
943 2961 1054 3026 blidote,
1072 2962 1129 3013 wie
1147 2962 1367 3026 condirigegen

305 3042 385 3107 pulli,
401 3043 478 3091 etwa
495 3041 630 3106 animosa,
647 3042 704 3096 wie
720 3042 765 3093 bei
782 3044 884 3109 Virgii.
900 3047 1004 3109 Georg.
1022 3046 1044 3110 l,
1062 3046 1115 3111 Sl„
1133 3048 1203 3097 oder
1219 3046 1266 3096 ein
1283 3048 1368 3097 aehn-

304 3129 405 3193 lioiee,
423 3126 480 3176 nod
495 3125 646 3189 folgenden
660 3126 729 3177 sinn
746 3128 814 3191 gab:
841 3142 887 3180 wo
906 3132 1029 3181 schoeno
1045 3130 1213 3195 dueninnge
1231 3128 1281 3181 mit
1299 3130 1369 3181 rei-

305 3225 366 3267 ner
386 3211 469 3263 scale
492 3212 576 3264 onter
597 3212 819 3262 echwarzem
841 3212 929 3263 Kittel
954 3214 999 3263 ein
1023 3215 1227 3265 Heldenherz
1256 3215 1287 3265 in
1315 3218 1367 3265 be-

307 3297 518 3349 roireidener
538 3293 677 3358 Kleidung
697 3295 831 3359 tregten“.
852 3323 884 3331 -
903 3298 992 3349 Nobis
1014 3298 1076 3349 eine
1099 3298 1173 3349 omni
1195 3299 1367 3350 dubitatione

305 3382 494 3447 reponendum
509 3391 575 3429 esee
594 3380 738 3431 ridebatur
755 3380 931 3433 Modestiom
946 3383 1025 3433 tutor
1039 3386 1168 3447 parcunt
1177 3386 1305 3447 pectore.

375 3481 416 3531 19.
451 3484 503 3544 Ap.
518 3482 591 3532 Non.
605 3494 632 3542 p.
651 3479 716 3544 1³1,
739 3480 782 3531 14.
798 3496 824 3530 v.
843 3482 930 3533 Later
947 3508 982 3519 -
998 3482 1155 3541 marcidini.
1172 3508 1206 3523 -
1229 3482 1281 3533 vot
1297 3484 1369 3534 edu-

304 3565 412 3615 contar
425 3564 542 3619 barbati
558 3565 602 3615 ed.
619 3563 728 3613 novies.
767 3563 818 3615 ott
829 3567 984 3619 edicantur
994 3566 1118 3619 tortari
1133 3564 1172 3633 cj.
1188 3568 1279 3618 Marc.
1318 3568 1369 3617 Uti

305 3648 457 3701 edicantur
470 3648 592 3703 tortore·
616 3644 655 3711 ej.
673 3647 739 3697 Jrrn.
779 3648 830 3698 Ubi
847 3652 876 3701 et
893 3652 1031 3703 dicontur
1049 3653 1094 3701 vel
1111 3652 1248 3703 dicontur
1269 3655 1370 3703 nostra

304 3729 472 3798 conjectura
487 3736 541 3783 eet.
562 3757 590 3766 -
609 3728 652 3784 Gi.
670 3742 756 3793 onpra
772 3734 831 3783 sat.
848 3723 950 3798 ‘Enor.,
967 3731 1030 3801 περὶ
1050 3733 1163 3787 Θυσιῶν
1178 3736 1213 3785 rr.
1234 3738 1260 3785 1.
1276 3736 1371 3799 ibique

305 3818 401 3868 adnot.

372 3915 416 3965 8⁰.
450 3918 503 3997 Δρ.
520 3916 594 3967 Non.
605 3928 632 3976 p.
650 3913 711 3981 iti,
727 3915 754 3965 8.
773 3931 800 3965 v.
816 3918 924 3969 Merum
940 3922 986 3971 eet
1000 3921 1100 3973 aelium.
1119 3945 1146 3955 -
1166 3919 1289 3983 pilleum
1304 3922 1372 3972 ideo

306 3998 395 4051 codd.
428 4000 538 4062 ptum
558 3999 672 4061 Poprno.
706 4000 773 4051 tdeo
791 4013 833 4051 sc.
853 4001 918 4065 quia
937 4006 1052 4065 praeter
1069 4003 1191 4055 tunicam
1213 4004 1293 4055 nullo
1313 4004 1372 4055 alio

304 4082 410 4137 amictu
425 4081 546 4134 vestitor
562 4083 633 4135 erat.
650 4106 683 4119 -
701 4084 782 4145 Apud
797 4084 868 4137 Ptin.
883 4086 997 4152 xxxv,
1015 4087 1058 4138 1⁰.
1076 4091 1219 4151 ornatur,
1238 4087 1374 4141 Nicone.-
