2934 4750
408 310 449 360 ne
470 316 680 360 coruscasse
703 315 920 360 vnnourauo.
1157 301 1199 361 ’l‘l

198 484 269 543 Quid
287 483 436 547 dubitatis,
460 488 550 536 utrum
573 497 645 535 nnnc
664 486 727 536 sitis
746 485 945 552 cercopitheci,

197 581 240 626 An
259 578 409 645 colubrae,
433 578 603 650 anhelatae,
627 589 663 626 an
679 579 713 627 de
733 577 832 628 Albuci
851 578 937 630 subus
956 572 1095 638 Athenis?

131 688 205 751 quos
221 667 252 731 in
265 666 549 752 Pythagoraeorum
565 665 841 759 metempsychosin
860 675 890 732 et
906 669 937 732 in
950 669 1145 754 Empedoclis
1164 679 1194 734 et

130 776 274 842 Heracliti
297 776 407 861 dogma
422 775 461 841 de
480 769 584 842 rerum
604 777 790 861 sempiterno
811 777 896 843 lluxu
914 786 945 842 et
962 787 1110 865 perpetua
1127 779 1191 844 im-

129 887 298 952 mutatione
319 887 442 965 cadere,
465 888 561 954 cuivis
586 887 689 952 statim
708 908 805 974 quum
825 889 933 972 legerit
957 888 988 952 in
1011 889 1102 974 plano
1127 890 1194 954 erit.

127 997 253 1083 Epicuri
277 1018 402 1084 quoque
425 997 559 1072 nominis
580 998 701 1083 saepius
719 996 836 1062 mentio
853 1004 900 1062 est
921 1003 968 1075 ⁹):
987 1005 1018 1062 et
1035 1019 1072 1062 er
1092 999 1194 1066 Medio

126 1107 214 1172 locus
236 1115 374 1173 servatus
395 1113 455 1185 est,
489 1128 527 1172 ex
550 1128 612 1195 quo
634 1115 718 1193 patet
739 1106 770 1171 in
793 1106 850 1170 hac
872 1105 980 1172 Satrua
1007 1105 1195 1192 disputatum

126 1238 204 1295 esse,
224 1217 296 1303 quid
315 1238 387 1283 vera
405 1217 470 1302 ejus
491 1216 668 1304 disciplinae
688 1215 767 1280 ratio
788 1215 910 1278 differat
931 1216 969 1279 ab
991 1235 1099 1280 eorum
1117 1236 1195 1301 per-

125 1327 285 1404 versitate,
322 1323 375 1413 qui
406 1325 518 1412 rejecto
549 1309 633 1390 omni
662 1326 839 1390 divinorum
867 1331 952 1388 metu
979 1345 1014 1389 ae
1041 1325 1198 1411 religione,

125 1437 211 1518 omni
232 1435 420 1502 honestioris
438 1442 469 1498 et
487 1435 736 1530 gravioris-vitae
760 1434 864 1500 studio
877 1433 1042 1519 neglecto,
1065 1435 1097 1500 in
1120 1455 1196 1501 cor-

124 1547 210 1630 poris
234 1545 445 1631 voluptatibus
468 1545 570 1609 solum
592 1565 658 1609 esse
682 1551 714 1608 et
735 1565 892 1610 summum
915 1543 1032 1610 bonum
1058 1546 1196 1612 colloca-

122 1664 195 1722 tum
225 1653 284 1719 rati
311 1649 403 1718 modo
435 1653 492 1718 sibi
523 1673 656 1750 suaeque
688 1654 777 1738 gulae
805 1655 906 1719 vivere
936 1655 1196 1738 gaudebant10).

24 1827 31 1834 ,
122 1765 203 1843 Quo
224 1782 337 1847 genere
360 1761 520 1845 homimun
547 1771 612 1827 tum
639 1762 714 1827 nihil
740 1762 930 1850 frequentius
952 1765 1069 1830 Romae
1098 1785 1193 1851 quum

126 1875 226 1937 Varro
247 1870 373 1937 Saturae
395 1873 529 1958 scripsit,
560 1881 595 1938 ut
617 1893 679 1936 non
697 1873 818 1939 mireris
838 1874 959 1960 saepius
983 1895 1054 1940 eum
1080 1874 1111 1939 iu
1136 1874 1192 1940 in-

133 1981 226 2065 ,entis
244 1980 383 2049 hrxuriae
407 1982 593 2068 vituperium
614 1982 770 2062 incidisse,
803 2004 863 2070 qua
885 1992 950 2049 tota
971 1983 1045 2051 urbs
1063 1983 1192 2051 dilllue-

133 2097 195 2154 rat:
229 2089 317 2154 sicuti
354 2091 386 2154 in
421 2091 509 2176 Bojis
537 2098 606 2170 ¹¹),
639 2093 672 2156 in
701 2092 844 2158 Bimarco
876 2099 944 2171 1²),
989 2100 1020 2156 et
1053 2093 1192 2178 inprimis

137 2197 362 2278 nModzo‚¹³)
388 2208 419 2264 et
445 2201 476 2268 in
511 2201 590 2265 libro
617 2213 701 2282 Περὶ
723 2207 1031 2282 marceniensem),
1065 2223 1104 2264 ex
1131 2223 1193 2286 quo

126 2307 244 2376 Gellius
263 2310 366 2375 locum
388 2309 521 2390 servavit
544 2309 672 2393 dignum
695 2328 784 2385 sane,
807 2308 861 2393 qui
881 2307 931 2373 hio
951 2328 967 2371 a
987 2307 1076 2371 nohis
1098 2330 1195 2394 repe-

125 2427 223 2484 tatur:
242 2418 315 2497 „Si“
333 2418 436 2502 inquit
453 2466 471 2497 „
493 2421 623 2483 uantum
642 2436 755 2501 operae
773 2416 940 2503 sumpsisti,
957 2422 993 2481 ut
1009 2423 1082 2481 tuus
1098 2419 1198 2505 pistor

124 2532 243 2593 honum
271 2528 385 2617 ¹faceret
412 2547 538 2612 panem,
568 2524 634 2611 ejus
662 2523 874 2599 duodecimam
894 2524 1107 2611 philosophiae
1132 2527 1194 2592 de-

123 2638 231 2714 disses,
254 2637 320 2722 ipse
337 2636 438 2700 honus
453 2636 515 2721 jam
536 2634 655 2728 pridem
676 2655 759 2699 esses
779 2634 883 2727 lactus.
927 2636 1018 2701 Nune
1034 2635 1120 2701 illum
1141 2638 1208 2736 quiq

122 2752 243 2812 norunt
268 2745 378 2810 volunt
405 2765 507 2809 emere
530 2744 654 2810 milibus
682 2750 824 2822 centum,
853 2753 885 2809 te
912 2744 965 2831 qui
992 2745 1077 2811 novit
1102 2768 1192 2813 nemo

122 2852 304 2921 concussus
347 2855 431 2933 Haec
454 2854 545 2919 verba
567 2862 639 2919 sunt
663 2875 719 2940 pro
742 2854 898 2939 example,
926 2875 987 2940 qua
1010 2854 1111 2948 viaet
1132 2878 1191 2923 ra-

122 2966 208 3030 tione
226 2964 257 3027 in
277 2964 340 3028 suis
359 2963 480 3054 seriptis
496 2965 594 3030 Varro
613 2963 651 3028 ad
670 2962 895 3050 philosophiam
913 2964 1046 3029 excitare
1063 2942 1190 3052 ejusque

122 3073 260 3140 studium
282 3072 497 3139 commendare
520 3074 559 3138 sit
580 3074 703 3153 solitus:
724 3072 886 3152 nimirum,
907 3082 943 3139 ut
962 3072 1106 3152 diximus,
1128 3097 1190 3141 non

123 3182 208 3267 gravi
230 3189 283 3247 aut
304 3182 419 3248 difficili
442 3182 566 3269 eloquio
588 3203 673 3258 usus,
695 3182 748 3245 sed
772 3181 870 3267 lepide
894 3181 1062 3267 festiveque
1085 3190 1116 3246 et
1135 3192 1190 3247 ta-

194 3436 224 3492 9)
242 3435 278 3483 llt
294 3433 323 3482 in
342 3426 428 3497 Περὶ
446 3424 619 3495 Alpe'oaoov
635 3432 670 3482 sr.
688 3431 711 3481 1.

196 3518 241 3575 ¹⁰)
259 3516 338 3566 Mod.
361 3516 395 3565 fr.
413 3516 472 3566 1³st
499 3518 557 3582 „Et
580 3518 633 3566 hoc
657 3516 776 3567 interest
800 3517 873 3567 inter
897 3530 1041 3583 ganeones
1066 3523 1190 3586 nostros,

126 3602 225 3665 quihus
241 3602 370 3651 modulus
389 3602 434 3650 est
450 3600 525 3650 vitae
542 3598 667 3651 culina.“

196 3689 240 3745 ¹¹)
258 3685 354 3749 BoJ'ae
372 3686 406 3744 do
423 3685 536 3735 luxuria
553 3684 642 3735 finisse
664 3688 694 3735 et
711 3684 809 3736 titulus
828 3691 857 3737 et
873 3688 1054 3752 fragmentum
1071 3691 1190 3742 indicat:

125 3771 226 3837 ,Quod
253 3782 309 3820 non
336 3771 427 3821 solum
453 3769 574 3822 murthae
600 3766 670 3821 hamt
692 3782 868 3835 communes,
898 3774 947 3823 sed
971 3774 1053 3823 etlam
1076 3780 1189 3825 veteres

126 3858 311 3919 rrrehascunt,
330 3858 359 3904 et
380 3853 458 3904 inulti
473 3854 554 3916 pueri
570 3854 777 3917 puellosennt.“

197 3942 241 3998 12)
265 3940 299 3989 V.
319 3939 448 3990 Btmerc.
467 3938 501 3987 fr.
520 3938 605 3987 2-7.

197 4026 241 4081 Η)
258 4024 293 4073 V.
310 4022 389 4073 Mod.
405 4022 440 4072 ir·
456 4022 561 4071 4-13.

197 4107 242 4165 ¹⁴)
259 4108 300 4169 V,
313 4102 397 4170 Περὶ
416 4099 586 4167 Ἐδεσμάτ.
602 4106 637 4155 ir.
654 4105 668 4153 l
687 4110 716 4153 et
732 4106 760 4155 2.
