2934 4750
280 321 324 382 ω
660 329 763 372 carus
792 325 969 370 accussat.

283 502 367 591 quod
385 500 424 566 ad
441 497 569 565 Eusehii
587 496 698 571 locum,
716 503 783 560 tum
804 490 889 578 quod
908 488 947 554 sd
963 486 1105 574 Delphici
1119 485 1274 573 Apollinis
1293 487 1343 553 la-

283 633 358 680 num
392 609 479 675 illum
510 605 658 672 Varronis
692 603 793 670 locum
825 598 986 666 referebat.
1035 596 1270 682 luceatigandus
1300 605 1346 664 est

283 723 362 789 alius
387 718 500 806 Apollo
531 715 643 801 istique
670 708 918 783 substituendum
950 707 1079 774 fortasse
1105 705 1258 773 Deliacon
1307 714 1347 774 ht

284 851 323 896 ne
341 829 392 896 hic
410 826 535 914 quidem
558 846 576 890 a
595 822 710 910 piratis,
732 818 786 886 sed
806 816 1049 904 allatrophane,
1066 815 1255 884 Mithridatia
1272 818 1347 884 duce

284 939 432 1028 spoliatus
457 943 517 1014 est,
548 942 583 999 ul
603 938 706 997 narrat
727 928 896 996 Pausanias
913 928 1024 992 Lacon
1045 947 1071 991 c
1088 927 1139 992 24.
1159 965 1201 976 -
1221 929 1348 1007 Verum,
1450 954 1451 959 ¹

284 1048 404 1136 opinor,
422 1043 587 1112 offenderis
607 1042 687 1107 inter
709 1040 828 1127 plures,
845 1057 924 1125 quos
946 1045 1098 1102 memorat
1117 1037 1302 1104 Plutarchus
1318 1038 1349 1103 in

284 1158 346 1224 vita
368 1152 507 1241 Pompeji
527 1173 553 1217 e
572 1151 637 1230 24„
657 1149 712 1215 ubi
733 1148 864 1234 scuptm
884 1155 1048 1234 postquam
1068 1145 1252 1233 piratarum,
1272 1167 1349 1233 qnos

284 1263 449 1351 Pompeius
477 1261 522 1328 hl.
555 1258 637 1326 bello
670 1257 859 1345 profligavit,
890 1256 1059 1322 insolenter
1089 1255 1167 1321 lacta
1193 1256 1294 1322 multa
1320 1265 1350 1321 et

285 1373 399 1441 scelera
419 1368 588 1447 enarravit,
616 1368 658 1434 liu
676 1366 791 1454 porgllt
821 1381 898 1446 ,τῶν
920 1374 945 1434 δ’
947 1377 1058 1434 ἀσύλων
1080 1378 1128 1434 sat
1151 1374 1267 1451 ἀβάτων
1284 1378 1349 1448 πρό-

285 1499 366 1552 τερον
382 1477 464 1550 &pm
483 1473 620 1545 ἐξέκοψαν
644 1471 770 1536 lutosus
788 1471 826 1528 ci
847 1471 1011 1542 Κλάριον,
1029 1470 1067 1527 τὸ
1093 1473 1302 1540 Διδυμαῖον,
1320 1471 1350 1526 τὸ

286 1567 501 1642 repensatum,
523 1567 574 1623 τὸν
591 1564 621 1622 ἐν
633 1563 766 1638 Ἐρμιόνη
782 1566 833 1636 τῆς
852 1565 979 1626 Χθονίας
997 1561 1082 1630 assis,
1096 1564 1145 1619 ael
1162 1562 1215 1618 τὸν
1230 1561 1263 1618 ἐν
1277 1562 1350 1620 ’Esca-

287 1662 384 1735 δαῦρφ
404 1663 455 1715 τοῦ
475 1657 648 1728 Ἀσκληπιοῦ,
664 1657 712 1712 καὶ
729 1657 781 1712 τὸν
797 1651 907 1726 Ἰσθμοῖ
919 1655 968 1710 καὶ
991 1653 1122 1728 Ταινάρῳ
1139 1655 1186 1710 καὶ
1205 1660 1351 1730 Καλαυρίᾳ

287 1756 339 1810 τοῦ
362 1751 554 1826 ῌοοειδῶοος,
578 1751 640 1803 τοῦ
665 1744 901 1811 humiliasses
923 1745 985 1803 τὸν
1004 1743 1039 1801 ἐν
1061 1744 1173 1821 Ἀκτίῳ
1198 1749 1256 1803 καὶ
1275 1756 1350 1804 Λευ-

287 1842 382 1908 κάδι,
401 1843 451 1911 τῆς
469 1835 494 1894 δ’
505 1836 596 1910 Ἥρας
613 1837 662 1894 τόν
681 1837 711 1894 ἐν
731 1837 829 1912 Σάμῳ,
849 1837 901 1894 τὸν
914 1835 1051 1908 ἐνἎργει,
1069 1836 1120 1893 τὸν
1137 1835 1182 1894 ἐπὶ
1200 1841 1351 1914 Λακινίῳ.“

289 1939 464 2018 Quemnam
485 1942 589 2000 autem
610 1933 804 2020 potissimum
826 1934 907 1998 inter
926 1933 983 1998 hos
998 1933 1155 2018 Apollines
1177 1935 1277 2001 Varro
1297 1936 1351 2000 in-

288 2044 457 2124 tellexerit,
488 2065 562 2110 num
590 2042 670 2110 sorte
697 2042 849 2121 Clarium,
885 2064 925 2108 an
951 2041 1171 2131 Didymaeum,
1201 2043 1233 2109 id
1260 2045 1351 2110 auxie

289 2175 437 2243 quaerere
460 2155 627 2219 nunc'non
654 2151 756 2219 refert
798 2151 853 2219 Sat
872 2160 934 2231 est,
963 2173 1062 2219 unum
1083 2153 1253 2221 alterumve
1275 2155 1350 2220 illo·

288 2286 372 2343 rum,
404 2283 482 2349 quos
509 2257 649 2328 nominat
675 2261 872 2340 Plutarchus,
906 2282 978 2327 eum
997 2261 1185 2327 intellexisse
1204 2284 1351 2351 perquam
1453 2320 1454 2341 ,

287 2373 452 2442 verisimile
474 2394 550 2439 esse.
592 2371 703 2441 Nonne
732 2371 815 2437 enim
839 2379 944 2458 aperte
969 2369 1180 2458 significantur
1200 2374 1351 2461 Apollinis

287 2616 344 2683 pas
365 2592 534 2681 praedones
560 2590 775 2679 appellantur?
817 2589 898 2657 Sunt
921 2610 992 2655 vere
1015 2588 1048 2656 hi
1071 2590 1130 2678 ipsi
1156 2590 1201 2657 illi
1228 2590 1351 2679 piratae,
1454 2681 1455 2686 ἵ

288 2722 367 2790 quos
393 2701 475 2769 bello
504 2700 676 2789 profligavit
701 2699 867 2787 Pompeius
895 2718 977 2764 anno
1002 2719 1029 2765 a.
1054 2700 1092 2767 U.
1122 2698 1202 2779 687,
1233 2701 1266 2765 in
1293 2721 1352 2789 quo
1454 2689 1455 2692 ¹

288 2809 371 2875 bello
397 2810 513 2889 Varro,
544 2830 640 2897 quum
666 2808 755 2875 classi
780 2817 862 2875 esset
886 2829 904 2873 a
929 2808 1076 2897 Pompejo
1101 2808 1288 2896 praefectus,
1319 2817 1352 2875 ut

289 2922 393 2983 namat
410 2915 490 2981 Plin.
509 2917 548 2981 ll.
567 2916 606 2983 N.
622 2918 676 2994 111,
699 2918 748 2981 ll.
767 2917 835 2995 vu,
852 2916 912 2995 30,
933 2917 1039 3003 procul
1059 2916 1154 2984 dubio
1171 2918 1236 2984 suis
1258 2918 1351 3005 ipsius

288 3023 387 3089 oculis
402 3030 592 3109 spectaverat
612 3023 730 3110 direpta
750 3024 914 3114 dimtaque
930 3026 1028 3093 multa
1039 3027 1179 3094 Deorum
1197 3026 1268 3092 lana
1287 3028 1351 3092 im-

288 3132 411 3219 pietatis
437 3132 680 3221 insolentiasque
707 3155 845 3200 summae
872 3142 982 3215 testes,
1012 3156 1073 3223 qua
1101 3136 1145 3202 illi
1173 3134 1352 3223 praedones

288 3243 379 3310 litora
406 3249 438 3308 et
461 3243 577 3311 insulas
604 3241 799 3322 infestantes,
824 3244 943 3331 aliquot
962 3264 1060 3311 annos
1082 3265 1138 3331 per
1157 3264 1248 3309 omne
1269 3264 1352 3310 mare

264 3346 267 3350 ’
288 3354 415 3439 impune
435 3352 563 3437 grassati
584 3360 680 3419 erant,
722 3352 910 3439 ltaqueveri
928 3373 991 3418 uon
1011 3352 1149 3419 absimile
1170 3372 1236 3417 esse
1261 3353 1352 3420 vide-

288 3468 354 3537 tur,
375 3460 548 3526 Varronem
567 3460 709 3527 Saturam
731 3482 814 3540 eam,
836 3460 874 3526 de
899 3481 961 3546 qua
982 3461 1070 3528 testis
1086 3469 1134 3528 est
1153 3462 1204 3527 illc
1222 3460 1352 3527 Amulii

289 3567 383 3644 locus,
394 3561 561 3653 'scripsisse
581 3568 607 3633 si
626 3590 689 3634 non
707 3579 822 3655 postea,
841 3590 934 3655 quam
950 3569 1049 3637 redux
1066 3591 1105 3636 ex
1123 3569 1206 3636 bello
1226 3569 1352 3656 piratico

289 3680 364 3753 erat,
379 3681 462 3739 certe
478 3697 542 3741 non
558 3675 664 3744 multis
682 3686 754 3745 ante
769 3679 867 3756 annis,
888 3699 981 3766 quam
1001 3680 1060 3746 hoc
1079 3685 1199 3766 gestum
1221 3684 1253 3743 et
1271 3697 1350 3764 pro-

288 3781 426 3867 fligatum
445 3803 463 3848 a
485 3784 633 3873 Pompejo
653 3794 727 3853 erat

371 3892 441 3958 lam
462 3914 536 3959 sero
557 3903 741 3981 repetamus,
763 3917 843 3983 quae
864 3896 903 3962 de
923 3905 1023 3963 aetate
1049 3906 1281 3981 Τρικαράνου,
1294 3902 1351 3961 'rs-

288 4012 461 4084 ποκύοος,
494 4002 636 4082 Serrani,
672 4019 752 4089 περὶ
779 4013 1014 4090 ’Λρχαιρεοιοῖο
1040 4026 1133 4091 supra
1165 4003 1353 4089 placuerunt

288 4106 429 4184 Quarum
450 4130 545 4197 quum
568 4112 646 4179 duae
667 4112 785 4198 priores
805 4112 843 4178 ad
865 4133 980 4180 annum
1002 4133 1028 4178 a.
1050 4114 1086 4183 U.
1108 4112 1181 4190 694,
1204 4110 1352 4177 Serranus
