2934 4750
281 317 320 360 ΒΙ
344 315 471 359 iunioris
497 313 610 370 quiriti!
633 314 782 358 ΙΔΤΰΙΔΙ
806 312 1046 357 senescamus.
1149 291 1193 354 ω

76 546 81 554 .,
130 501 193 547 non
224 480 266 546 ita
295 479 473 565 frequenter
503 478 573 544 licat
602 479 664 556 uti,
699 485 863 563 postquam
893 485 1015 544 tantum
1044 475 1194 541 libranum

130 588 278 655 Varronis
296 587 489 671 naufragium
510 586 623 653 iactum
643 594 699 664 est,
719 594 756 652 ut
776 586 814 652 de
835 585 941 652 multis
962 584 1039 651 nibil
1061 583 1195 671 supersit

131 704 252 784 praeter
272 696 403 782 paucula
422 695 524 773 verba,
539 715 618 782 quae
634 702 740 792 utrum
758 696 895 761 numeris
911 694 1026 762 fuerint
1041 691 1195 770 adstricta,

130 827 188 872 nec
204 827 253 884 ne,
268 805 425 892 dijudicari
445 825 509 870 non
525 811 636 889 potest,
652 803 690 868 de
710 803 778 869 aliia
793 811 899 870 contra
917 823 1103 890 quamquam
1123 810 1197 868 sunt

131 915 269 999 integrae
295 915 466 979 sententiae
495 920 526 978 ct
551 912 676 999 quidem
706 914 879 998 complures
905 920 1056 990 servatae,
1086 912 1120 977 in
1147 909 1196 976 bis

130 1031 236 1088 tamen
254 1023 344 1089 matri
363 1023 456 1089 ullius
478 1043 535 1088 nec
556 1022 625 1098 vola
646 1042 702 1086 nec
719 1021 883 1106 vestigium
899 1029 1009 1100 exstet,
1027 1020 1113 1106 cujus
1130 1040 1197 1085 no-

132 1133 216 1198 mine
235 1131 353 1200 Saturis
375 1131 468 1196 asseri
491 1131 610 1217 possint
631 1136 674 1208 ²).

218 1241 307 1320 Quae
330 1261 426 1328 quum
451 1240 494 1306 ita
516 1240 591 1318 sint,
619 1261 659 1304 na
687 1238 751 1306 iere
773 1239 902 1305 dimidia
920 1231 1101 1304 Saturarum
1119 1254 1201 1320 pars,

133 1370 266 1436 quarum
286 1349 456 1435 fragmenta
477 1348 555 1414 inira
576 1347 808 1426 exhibebimus,
833 1346 1014 1413 decivitate
1035 1364 1092 1410 sua
1110 1341 1201 1428 peri-

134 1458 273 1537 clitetur,
305 1459 363 1524 aiia
383 1456 496 1523 indicia
515 1457 692 1542 usurpanda
712 1465 800 1535 sunt,
834 1476 914 1542 quae
938 1455 1039 1520 inesse
1058 1460 1203 1539 putamus

135 1567 168 1633 in
196 1567 272 1652 ipsis
295 1565 546 1651 inscriptionibus
567 1565 748 1632 Saturarum
773 1565 859 1632 libris
878 1563 992 1630 inditis
1034 1562 1118 1628 Haeo
1138 1580 1203 1625 au-

134 1683 201 1740 tom
224 1672 335 1738 indicia
353 1673 525 1761 cujusmodi
546 1675 620 1754 siut,
641 1675 766 1762 jamjam
782 1671 1011 1740 demonstrandi
1031 1669 1203 1757 periculum

135 1782 284 1850 iaciemus
304 1803 343 1848 ex
364 1782 401 1848 iis
424 1781 602 1850 Saturarum
629 1784 894 1871 inscriptionibus,
923 1801 1001 1869 quas
1023 1779 1203 1846 Saturam

137 1912 204 1958 asse
226 1890 347 1957 disertis
368 1892 551 1979 scriptorum
573 1893 757 1959 testimoniis
783 1892 930 1958 traditum
956 1897 1017 1956 est:
1044 1896 1076 1954 at
1096 1906 1204 1953 carum

137 1999 306 2087 analogiam
326 2009 491 2088 sequentes
515 2000 625 2068 deinde
651 2002 683 2067 in
707 2001 766 2068 bac
785 2001 966 2088 quaestione
991 1998 1034 2064 ita
1059 1995 1205 2064 versabi-

138 2131 217 2190 mur¹
232 2117 268 2176 ut
285 2111 496 2177 recensionem
515 2110 664 2178 librorum
679 2112 827 2197 paulatim
846 2109 1043 2175 instituamus
1055 2105 1206 2181 omnium,

139 2227 293 2307 quotquot
312 2220 350 2285 ad
370 2242 484 2286 nomon
506 2218 688 2285 Saturarum
710 2219 865 2304 pertinere
886 2213 1031 2281 censendi
1052 2213 1123 2279 sint

224 2333 329 2413 Atque
350 2348 389 2393 ex
409 2327 577 2411 nonaginta
599 2347 654 2393 sex
675 2325 809 2403 Saturis,
834 2343 967 2410 quarum
994 2327 1113 2386 servata
1133 2339 1207 2383 me-

140 2439 240 2505 moria
266 2444 328 2513 est,
364 2436 421 2501 sub
445 2434 566 2520 generis
594 2434 719 2519 quidem
749 2433 874 2498 nomine
894 2437 1016 2495 tantum
1040 2425 1209 2491 octodecim

140 2549 322 2635 adlegantur
349 2564 367 2609 a
397 2540 607 2627 scriptoribus.
652 2542 770 2607 Earum
803 2560 876 2605 vero
907 2535 1120 2623 inscriptiones
1151 2532 1209 2597 bae

141 2665 228 2844 mit).
243 2765 306 2851 Ape
325 2762 425 2829 Modo.
470 2764 543 2843 (Ap.
565 2758 662 2845 Sosip.
684 2758 801 2827 Charis.
827 2757 881 2824 Gr.
909 2758 928 2821 Ι.
948 2758 977 2833 1,
995 2774 1020 2819 c.
1041 2753 1093 2817 21.
1112 2771 1141 2836 p.
1160 2747 1210 2814 61.

239 2872 286 2939 cd.
303 2870 455 2948 Lindem.)
941 2926 946 2937 ,
1047 2912 1049 2915 ⁴

185 2985 221 3063 2)
237 2990 331 3059 ”Atiae
352 2986 443 3057 Οὗτος
461 2988 609 3062 Ἡρακλῆς.
652 2983 725 3063 (Ap.
750 2978 888 3044 Macrob.
912 2974 1034 3043 Satum.
1060 2972 1079 3035 Ι.
1101 2972 1160 3047 ΠΙ,
1185 2988 1210 3032 o.

245 3090 294 3156 12.
315 3096 347 3154 et
369 3109 416 3175 ap.
434 3086 581 3153 Priscian.
600 3085 654 3152 Gr.
672 3086 692 3151 Ι.
712 3087 765 3164 11,
787 3108 813 3160 c
835 3083 864 3153 8.
882 3107 911 3172 p.
930 3082 1004 3150 148.
1026 3080 1073 3147 ed
1094 3078 1165 3155 Kr.)

189 3198 224 3278 ³)
248 3198 417 3265 Catamitus.
461 3200 535 3281 (Ap.
549 3194 682 3281 Eutycb
701 3192 756 3259 Gr.
781 3196 800 3260 Ι.
823 3196 871 3270 11,
897 3214 923 3256 c.
950 3194 978 3255 l.
1006 3188 1054 3254 ed.
1073 3184 1212 3251 Lindem.

244 3344 287 3355 -
308 3307 347 3372 V.
364 3326 422 3371 nos
443 3323 536 3389 supra
558 3303 589 3367 in
608 3322 673 3387 cap.
689 3302 743 3377 IL)

190 3418 225 3492 4)
247 3415 294 3480 De
313 3412 419 3499 Officio
439 3410 554 3477 Mariti.
599 3414 672 3494 (Ap.
692 3406 772 3473 Gaii.
791 3407 810 3472 Ι.
829 3408 853 3483 1,
869 3427 894 3470 o.
916 3404 964 3469 11.
997 3400 1043 3467 Gi.
1061 3399 1132 3468 Job.
1147 3399 1212 3468 Sa-

246 3522 352 3588 risber.
369 3519 510 3585 Policrat.
531 3518 549 3583 Ι.
566 3518 619 3596 VI,
636 3537 661 3582 o.
683 3515 750 3595 26.)

216 3668 246 3727 ³)
263 3666 334 3726 .0uo
357 3664 481 3730 accedit,
507 3663 580 3725 quod
599 3660 779 3713 Grammatici
800 3661 883 3711 iocos
900 3672 935 3709 ex
950 3659 1061 3723 saturis
1073 3657 1212 3709 varronis

149 3752 177 3802 in
194 3763 262 3802 suos
280 3749 495 3801 commentarios
513 3746 735 3801 transcribentes
756 3757 812 3794 non
831 3746 920 3795 solnm
939 3755 995 3794 uon
1013 3742 1213 3793 vocabulorum

152 3834 274 3886 ordinem
289 3833 391 3896 ubique
409 3832 570 3895 servabant,
588 3830 638 3879 scd
654 3828 925 3890 «summittebant,
941 3839 1011 3889 quaa
1024 3826 1135 3879 inutilia
1148 3837 1214 3875 esse

153 3902 321 3970 viderentur.
356 3918 432 3967 Unde
450 3916 553 3966 iactum
571 3918 629 3977 est,
647 3916 678 3964 ut
694 3925 769 3963 nunc
788 3913 897 3963 iliarum
915 3911 1121 3974 aliquomulta
1136 3908 1215 3970 nag-

153 4006 259 4064 nanto,
285 4012 357 4064 quae
373 3999 487 4063 poetica
504 4011 570 4049 esse
589 4000 669 4049 certo
690 3996 795 4047 indicio
816 4000 895 4060 sunt,
917 3996 953 4045 ad
974 4004 1104 4044 numeros
1123 3994 1215 4038 umen

153 4099 223 4137 suos
237 4084 367 4135 revocari
384 4096 440 4134 non
457 4080 578 4144 possint.
