2934 4750
279 246 321 308 72
666 263 768 307 aanor
799 265 964 320 ausurus.

281 431 449 506 Arcesilan,
478 431 661 496 Academiae
696 432 848 497 secundae
879 431 1051 509 conditore,
1087 433 1283 518 inscriptum,
1315 444 1343 498 et

282 540 419 627 ejusdem
439 539 508 605 libri
528 563 556 626 p.
577 540 649 606 629.
671 542 703 606 in
723 542 830 618 altero,
854 541 939 626 cujus
959 554 1167 624 Συμπόσιον
1189 542 1342 629 inscriptio

281 650 387 727 tuerit,
424 649 592 715 saltationis
620 650 774 736 quoddam
806 672 902 736 genus
932 664 1038 734 κόσμου
1065 661 1222 734 ἐκπύρωσιν
1249 652 1343 738 lepido

282 759 397 824 dictum
418 759 512 824 luisse
534 759 636 837 refert,
656 797 697 807 —
718 782 780 846 qua
803 761 928 846 quidem
946 759 1150 846 appellatione
1173 760 1344 830 Stoicorum

281 871 392 955 dogma
412 870 451 935 de
472 870 580 935 mundi
601 871 762 938 exustione
783 871 946 957 perstringi
969 870 1001 934 in
1021 869 1113 956 plano
1133 876 1180 934 est
1202 909 1254 950 —,
1276 882 1344 939 ter-

282 979 344 1046 tius
365 979 498 1066 denique
521 979 612 1058 liber,
647 981 732 1067 cujus
754 981 909 1066 Diogenes
930 980 1071 1045 Laertius
1094 979 1112 1043 l.
1135 981 1193 1058 Vl,
1224 1003 1254 1067 p.
1278 982 1345 1055 101,

282 1090 437 1166 meminit,
463 1099 567 1175 aperte
587 1098 619 1155 et
639 1091 803 1176 inscriptus
823 1100 854 1156 et
875 1090 1006 1176 scriptus
1026 1087 1084 1154 luit
1110 1101 1189 1172 Πρὸς
1207 1104 1276 1168 τοὺς
1294 1126 1344 1175 ρι-

282 1195 377 1258 οικυός
400 1196 447 1250 καλ
466 1197 684 1266 μαθηματικοὺς
708 1198 755 1252 καλ
778 1196 987 1268 γραμματικοὺς
1006 1197 1053 1252 καὶ
1073 1195 1164 1266 γονάς’
1177 1195 1345 1269 Ἐπικούρου

281 1287 328 1341 καλ
346 1287 399 1350 τὰς
415 1287 643 1358 θρησκευομένας
662 1286 711 1346 ὑπ’
730 1285 825 1344 αὐτοῖν
843 1290 965 1354 εἰκάδας.

365 1385 435 1449 Non
463 1392 566 1450 autem
594 1385 683 1451 aliter
710 1385 878 1471 Menippus
906 1387 937 1449 in
966 1385 1028 1450 suis
1059 1383 1143 1449 libris
1175 1383 1343 1469 disputasse

279 1491 415 1571 videtur,
441 1515 535 1580 quam
556 1493 619 1559 lere
640 1496 721 1582 apud
743 1494 912 1560 Lucianum
935 1494 1028 1571 solet,
1055 1496 1088 1557 in
1110 1491 1197 1577 eujus
1217 1493 1341 1580 dialogis

278 1601 395 1687 ubique
418 1603 487 1667 talis
510 1613 570 1680 est,
604 1605 658 1689 qui
682 1605 835 1670 variarum
859 1601 1161 1690 sectarum.ridicula
1181 1603 1293 1687 placita
1315 1613 1343 1670 et

279 1711 500 1796 metaphysioas
512 1713 697 1780 subtilitates
709 1715 776 1780 illas
790 1723 853 1780 tam
868 1736 972 1784 secum
987 1713 1164 1800 ipsisquam
1174 1733 1245 1778 cum
1261 1715 1341 1780 omni

278 1818 501 1904 probabilitatis
523 1824 623 1908 specie
647 1833 820 1910 pugnantes
845 1826 884 1890 ad
913 1823 1063 1892 ludicrum
1088 1841 1215 1886 examen
1248 1831 1342 1902 vocet,

278 1928 390 2012 partim
407 1931 498 1996 otiam
522 1932 605 2018 ipsos
622 1955 729 2000 earum
751 1943 906 2012 auctores,
925 1934 951 2000 si
970 1934 1024 2020 qui
1043 1931 1166 1998 luerunt
1185 1951 1342 2017 arrogan-

277 2037 372 2102 tiores
386 2049 440 2106 aut
456 2042 510 2127 qui
524 2043 646 2109 virtutis
662 2045 833 2131 praeceptis
852 2066 869 2109 a
888 2066 920 2109 se
943 2042 1116 2116 constitutis
1132 2060 1241 2126 parum
1259 2062 1342 2106 oon-

278 2149 437 2215 venianter
462 2153 619 2231 vixerunt,
645 2154 798 2240 vituperio
823 2175 879 2220 suo
902 2167 1107 2238 οτοοοογειοίῳ
1134 2171 1207 2216 mox
1233 2151 1342 2217 acriter

277 2259 420 2344 exagitet,
442 2283 514 2328 mox
533 2261 629 2329 facete
646 2265 831 2350 perstringat
854 2271 893 2342 1).
938 2261 1043 2328 Simile
1062 2260 1136 2346 quid
1154 2261 1256 2326 conati
1273 2269 1340 2328 sunt

348 2462 375 2523 ¹)
400 2466 432 2515 ln
454 2469 659 2532 Necyomantia
676 2470 823 2535 Menippus
843 2472 938 2521 ramat
956 2467 1093 2519 Tiresiam
1111 2467 1165 2518 sibi
1188 2469 1222 2517 ab
1247 2465 1339 2517 inieris

274 2547 400 2600 redituro
414 2552 484 2603 liaeo
501 2553 705 2616 impertivisse:
731 2546 783 2621 ,,Ὁ
800 2552 857 2606 τοῖν
874 2550 995 2603 ἰδιωτῶν
1012 2543 1125 2618 ἄριστος
1143 2547 1205 2618 βίος
1224 2545 1273 2601 καλ
1291 2563 1339 2599 οω-

276 2626 466 2698 φρθνὲσϊῑρος·
485 2628 523 2695 oio
540 2637 590 2704 τῆς
609 2634 773 2705 ἀφροσύνης
792 2634 969 2703 παυσάμενος
984 2634 1035 2687 τοῦ
1053 2636 1278 2702 μετεωρολογεῖν,
1296 2630 1341 2684 καὶ

275 2706 337 2779 τέλη
349 2711 397 2765 καλ
413 2712 504 2784 άρμάς
522 2714 692 2789 ἐπισκοπεῖν,
708 2720 758 2775 καὶ
769 2718 949 2781 καταπτύσας
967 2717 1023 2771 τῶν
1041 2716 1137 2785 σοφοῖν
1156 2712 1264 2771 τούτων
1281 2718 1339 2769 συλ-

213 2820 217 2825 ’
275 2793 422 2863 λογισμοός
439 2799 539 2853 παλτὰ
557 2805 676 2859 τοιαῦτα
693 2806 779 2873 λῆρον
796 2799 977 2872 ἡγησάμενος,
996 2798 1186 2866 τοῦτομόνον
1203 2797 1232 2867 ἐξ
1252 2795 1338 2853 άπαν-

274 2895 322 2939 ws
342 2879 469 2951 θηράσῃ,
495 2878 587 2953 ὅπως,
611 2886 642 2942 τὸ
666 2886 762 2957 παρὸν
778 2879 809 2941 εὖ
831 2885 963 2956 θέμενος,
991 2882 1178 2955 παραδράμῃς
1200 2880 1339 2953 γελῶντά

274 2962 378 3029 πολλὰ,
396 2964 444 3017 καλ
461 2966 523 3036 περὶ
538 2966 626 3037 μηδὲν
643 2968 852 3034 conectendas
887 2974 1015 3038 Inprimis
1031 2975 1122 3023 autern
1139 2974 1261 3037 legenda
1275 2976 1340 3023 sunt

273 3051 360 3101 verba
379 3064 414 3103 ax
432 3055 515 3105 Jovis
535 3058 672 3109 concione
691 3072 786 3112 coram
808 3060 861 3110 diis
876 3058 970 3109 habita
987 3057 1016 3109 in
1033 3056 1243 3119 learomenlppo
1262 3058 1288 3119 §-
1306 3056 1340 3105 29

273 3147 315 3197 Si·
333 3148 350 3186 a
366 3138 497 3202 Menippo
513 3142 618 3195 relata:
640 3138 727 3203 Γένος
744 3139 797 3211 γάρ
814 3161 842 3194 τι
860 3134 1023 3207 άνθράπων
1041 3134 1124 3204 έστλν,
1144 3130 1177 3190 οὗ
1195 3134 1249 3203 πρό
1269 3141 1340 3189 πολ-

272 3216 322 3269 λοῦ
340 3218 380 3291 τῷ
398 3220 450 3295 βίῳ
469 3218 648 3293 ἐπιπολάζον,
675 3220 778 3296 άργόν,
803 3222 974 3293 φιλόνεικον,
1002 3219 1166 3288 κενόδοξον,
1193 3213 1339 3288 ὀξύχολον,

271 3292 431 3371 '5³52‘st
448 3301 610 3378 ὖπόμωρον,
627 3307 831 3379 τετυφωμένον,
848 3302 956 3379 ὕβρεως
974 3298 1129 3372 ἀνάπλεων,
1142 3302 1188 3357 καὶ
1206 3303 1254 3357 ἵνα
1271 3298 1339 3358 καθ’

278 3384 390 3454 Ομηρον
415 3387 498 3457 έιπω,
521 3390 637 3446 έτιόσιον
659 3390 749 3462 άγθος
768 3388 899 3463 άροόρης.
945 3383 1034 3445 Οὗτοι
1057 3389 1153 3443 τοίνυν
1174 3388 1213 3451 εἰς
1235 3387 1340 3458 συστή-

269 3483 345 3531 ματα
363 3470 562 3543 διαιρεθέντες,
580 3474 628 3529 καλ
644 3476 802 3549 διαφόρους
819 3475 909 3545 λόγων
924 3473 1115 3547 λαβυρίνθους
1132 3470 1340 3539 ἐπινοήσαντες,

270 3546 298 3600 θλ
315 3546 366 3615 μέν
384 3555 527 3619 Στωϊκοὺς
545 3556 738 3628 ω’νομάκασιν,
766 3562 792 3616 ol
811 3557 841 3614 δέ
858 3555 1092 3628 Ἀκαδημαϊκοὺς,
1116 3556 1142 3609 oi
1161 3556 1191 3610 δέ
1209 3553 1340 3611 Ἐπικου-

269 3631 379 3702 tl‘t'wt,
405 3636 432 3689 ol
449 3635 480 3692 δὲ
499 3643 754 3713 Περιπατητικοὺς,
779 3642 825 3698 καλ
844 3638 912 3697 άλλα
931 3642 1023 3714 πολλῷ
1042 3638 1202 3711 γελοιότερα
1219 3639 1340 3695 τούτων.

262 3708 382 3771 Ἔπειτα
403 3717 433 3773 δέ
455 3716 544 3792 ὄνομα
568 3723 668 3795 σεμνόν
692 3726 744 3797 τὴν
767 3726 870 3797 άρετην
888 3724 1082 3795 περιθέμενοι,
1109 3722 1158 3779 καλ
1175 3722 1226 3787 τάς
1246 3718 1342 3794 όφρῦς

269 3795 434 3873 duilium,
463 3806 511 3861 παλ
535 3808 672 3881 πώγωνας
694 3809 929 3880 ἐπισπασάμενοι,
958 3807 1152 3879 περιέρχονται
1177 3806 1341 3881 ἐπιπλάστῳ

268 3880 388 3953 σχήματι
402 3889 584 3948 κατάπτυστα
599 3890 659 3965 ἤθη
676 3894 903 3965 περιστέλλοντες,
920 3891 1042 3956 ἐοικότες
1058 3892 1179 3962 μάλιστα
1194 3895 1254 3954 τοῖς
1272 3912 1342 3961 τρα-

266 3972 355 4034 γικοῖς
378 3968 491 4038 ε’κείνοις
516 3972 696 4048 ὑποκριταῖς,
727 3972 767 4033 τόν
789 3974 824 4049 ἣν
848 3977 952 4047 α’φέλῃς
971 3975 1006 4030 τά
1026 3979 1190 4043 προσωπεῖα
1213 3974 1262 4029 καλ
1283 3976 1343 4045 τὴν

265 4052 460 4119 χρυσόπαστον
483 4058 590 4132 ἐκείνην
611 4062 724 4131 στολὴν,
751 4062 782 4116 τό
803 4058 1039 4129 καταλειπόμενόν
1058 4058 1114 4115 ἐστι
1137 4062 1261 4129 γελοῖον,
1289 4057 1341 4115 άν-
