2934 4750
331 344 524 388 sururonun
548 345 779 388 nourrrronuu
803 345 988 402 unurouree.
1136 326 1198 388 118

128 513 175 576 iii,
191 514 217 562 5.
251 512 292 561 id.
311 510 340 561 in
357 513 451 562 somn.
468 511 544 575 scip.
565 512 588 576 1,
600 513 627 562 8.
642 539 675 548 -
690 514 786 565 verbo
802 511 941 564 Varronis
958 525 1041 577 peon.
1059 515 1105 564 eet
1118 515 1198 564 tuere

128 598 239 648 solvere
262 609 314 660 pro
339 597 441 661 glossat
465 596 558 648 bebite
582 601 649 649 sunt
668 597 856 650 Lindemanno
882 598 916 648 ed
935 597 1119 650 Petili-Feot.
1137 598 1157 647 i.
1177 599 1196 647 l.

131 681 181 730 seo
200 679 315 748 injurie.

586 802 737 810 ..—

488 918 589 968 xxvi.
627 917 838 968 ΕΚΚΑΗΣΙΑ.

193 1027 311 1072 bretbie
331 1025 519 1073 liberiortesse
539 1027 707 1087 becuminis,
737 1028 768 1072 no
793 1028 880 1081 ouibus
906 1029 953 1082 egit
973 1029 1051 1074 verro
1078 1028 1151 1074 etiem
1173 1028 1198 1072 in

131 1089 263 1153 Serrano,
282 1085 347 1154 περὶ
361 1083 559 1154 Ἀρχαιρεσιῶν.

149 1193 176 1254 l.
210 1193 252 1256 In¹
269 1191 383 1278 regiam
406 1213 507 1258 arcam
532 1193 771 1280 impancrorunt

196 1317 220 1366 1.
256 1320 310 1380 Ap.
327 1319 401 1368 Non.
414 1332 442 1381 p.
458 1318 502 1381 59,
519 1319 561 1368 22.
580 1334 608 1368 v.
625 1321 804 1382 imponerere
823 1319 869 1365 est
886 1314 1034 1377 invedere3
1053 1316 1168 1365 verbum
1184 1329 1200 1366 a

129 1401 239 1452 Graeco
259 1406 389 1468 tractum,
405 1403 487 1466 quasi
507 1400 567 1452 πᾶν
582 1396 665 1462 κρέας
683 1413 859 1452 consumere.
875 1427 910 1436 -
923 1398 1007 1450 Nonii
1023 1397 1110 1449 Codo.
1129 1402 1200 1450 Mes.

131 1490 264 1548 corrupte
284 1489 437 1548 praebent:
474 1489 604 1553 „Varroz
632 1486 800 1536 Ecclesiam
817 1487 848 1534 io
863 1496 888 1535 r.
907 1499 934 1535 o.
952 1480 1060 1550 imp.“,
1086 1485 1137 1534 sed
1159 1485 1202 1534 vi-

129 1569 231 1620 derunt
249 1567 312 1634 jam
334 1571 433 1620 dudum
452 1570 584 1632 scaliger
601 1572 630 1619 et
648 1571 857 1634 Laurenberg.,
885 1581 921 1619 ex
939 1567 1078 1619 vocabulo
1097 1568 1202 1620 Eccle-

128 1656 205 1704 otom
228 1653 432 1705 restituendam
455 1667 521 1703 esse
543 1654 607 1704 libri
627 1653 850 1716 inscriptionem.
872 1679 907 1690 -
936 1653 972 1702 In
999 1666 1052 1702 om.
1072 1655 1202 1704 Lauren-

127 1739 208 1800 berg.
225 1763 260 1772 —
278 1740 394 1788 arctam
414 1739 535 1788 Turneb.
550 1738 621 1788 Λᾶν.
637 1739 741 1804 XXIX,
767 1738 809 1788 19.
845 1750 947 1788 aream
961 1736 1041 1802 Alo„
1061 1752 1117 1802 mg.
1135 1740 1200 1790 Jun.

129 1832 231 1872 arcem
249 1835 301 1870 ms.
319 1823 405 1873 Fabri
421 1822 482 1886 (qui
500 1823 589 1873 codex
605 1821 630 1871 si
646 1835 765 1885 unquam
785 1821 939 1886 exstIterit,
970 1821 1034 1872 mibi
1051 1823 1133 1873 valde
1152 1836 1202 1874 su-

128 1909 244 1968 spectus
267 1909 336 1966 est).
358 1934 394 1944 —
419 1909 625 1972 imponeretur
650 1908 694 1956 ed.
718 1907 794 1956 1813.
839 1909 1065 1972 intpoocrontor
1093 1909 1131 1958 al.
1154 1919 1200 1970 ap.

129 1990 238 2040 Bentin.
251 2016 287 2027 -
305 1991 402 2054 Inepte
419 1993 527 2042 Nonius
546 1991 721 2054 imponerere
738 1992 868 2056 verbum,
900 1993 973 2054 quod
996 2005 1048 2054 per
1064 1993 1201 2043 invadere

129 2073 267 2138 explicat,
287 2087 305 2124 a
323 2072 381 2124 πᾶν
400 2079 429 2125 et
445 2069 529 2140 κρέας
547 2076 666 2127 derivat.
701 2076 817 2124 Doderb
834 2077 927 2136 Etym.
947 2079 1012 2125 tom.
1029 2077 1080 2142 vi,
1096 2091 1124 2140 p.
1140 2076 1201 2126 leo.

129 2171 153 2207 s.
172 2173 200 2207 v.
219 2159 373 2210 arbitretur
391 2160 561 2211 intensivum
579 2173 645 2209 esse
665 2172 683 2208 a
702 2161 789 2209 verbo
808 2157 1015 2224 impingere,
1040 2160 1201 2210 testimonio

128 2244 246 2294 laudans
263 2245 357 2294 locum
373 2244 466 2294 Taciti
482 2244 556 2292 iiist.
573 2245 610 2306 ll,
628 2243 687 2291 «ila
710 2241 886 2305 „Quominus
903 2241 931 2290 in
948 2243 1051 2292 vallum
1067 2243 1204 2306 impinge-

129 2328 257 2379 rentur“.
291 2326 361 2377 Mihi
378 2327 485 2388 quiden
503 2326 678 2390 probabilius
696 2325 816 2391 videtur,
835 2325 959 2375 Varroni
975 2325 1003 2375 id
1023 2328 1136 2377 verbum
1154 2340 1205 2378 co·

128 2413 200 2463 mice
222 2412 371 2461 formatum
392 2421 494 2461 essee
513 2412 625 2461 Gracco
647 2410 786 2459 vocabulo
809 2400 996 2473 παγκράτιον,
1030 2414 1061 2460 ut
1083 2411 1121 2461 sit
1142 2414 1205 2462 ten-

130 2510 211 2561 quam
228 2494 324 2562 „omni
341 2494 441 2544 virium
459 2494 640 2546 contentione
657 2493 767 2545 irruere
790 2494 836 2543 vel
853 2492 1018 2547 invaderet

470 2730 585 2781 XXVII.
620 2730 867 2782 ENDYMIONES.

200 2842 272 2886 flauo
293 2838 462 2895 improbabilis
486 2845 525 2886 est
547 2840 608 2885 Adr.
634 2839 742 2885 Turnebi
769 2839 849 2896 [Adv.
871 2842 951 2898 xvii,
972 2836 1030 2894 21.)
1053 2840 1204 2898 conjectore,

130 2912 196 2954 benc
207 2913 323 2955 saturam
340 2908 366 2953 in
381 2908 507 2953 bominmn
522 2908 747 2955 somniculosorum
765 2909 985 2964 reprehensionem
1002 2908 1120 2963 scriptam
1137 2918 1204 2954 esse.

130 2977 331 3091 ξξιιὲἰωιῐιιιειοι
353 2977 435 3031 ipson
458 2977 642 3033 inscriptionem
669 2982 694 3022 et
719 2978 766 3023 trie
787 2978 872 3033 priora
890 2978 1031 3033 fragmento
1052 2977 1077 3021 io
1098 2978 1204 3031 probare

155 3143 182 3206 1.
217 3142 322 3221 Quare
342 3141 368 3205 si
386 3140 419 3205 in
439 3142 595 3208 somnium
619 3140 779 3217 recideris,
814 3152 950 3210 ἐν”Αιᾰου
976 3152 1123 3225 compones
1145 3140 1206 3204 eris

219 3252 333 3317 iterum
350 3260 560 3335 experrectus.
1089 3318 1090 3321 ,

153 3360 184 3424 2.
220 3360 370 3424 Animum
390 3358 481 3422 mitto
499 3356 693 3442 speculatum
712 3362 777 3419 toto
799 3354 886 3431 urbe,
907 3363 952 3434 ut,
973 3353 1048 3441 quid
1065 3354 1207 3434 facerem,

220 3466 363 3532 homines
382 3486 453 3531 cum
476 3464 650 3552 experrecti
673 3464 750 3544 sint,
774 3485 823 3529 me
845 3464 958 3530 iaceret
976 3466 1154 3533 certiorem:
1181 3467 1207 3533 si

220 3576 291 3663 quis
309 3576 420 3642 meiius
442 3596 568 3663 operam
590 3582 724 3661 superet,
745 3583 781 3641 ut
799 3574 863 3661 ejus
881 3576 1009 3643 consilio
1027 3579 1131 3665 potius
1151 3579 1202 3649 vi·

219 3686 327 3772 gilium
349 3686 614 3758 amminicuierem
635 3693 786 3764 nostrum,
810 3686 894 3771 quod
915 3687 999 3754 videt
1014 3700 1119 3761 Ἥλιον
1146 3710 1208 3755 co-

214 3802 382 3863 ronantem
405 3804 545 3861 extrema
566 3795 673 3862 Noctis
695 3802 844 3882 tempore.

157 3904 186 3968 3.
221 3904 294 3983 Qui,
317 3906 397 3972 sicut
415 3906 542 3991 vigilare
565 3911 686 3972 matura
707 3906 844 3992 coepisti,
864 3906 896 3970 in
917 3929 955 3973 eo
974 3915 1006 3972 te
1028 3904 1208 3975 retinueris!

158 4015 187 4077 4.
219 4013 450 4081 Discumbimus
483 4016 626 4085 musseti:
665 4015 809 4084 dominus
844 4024 965 4083 maturo
994 4038 1053 4084 ovo
1081 4034 1207 4081 coenam

221 4122 396 4188 committit.
1031 4216 1053 4281 8
