2934 4750
328 297 523 342 saruaasun
547 292 778 340 uusrrnnasusr
800 293 985 350 uncinulis.
1130 273 1192 336 lib

191 468 250 520 nicil
269 468 329 518 sini
346 462 470 533 βιωφελῆ
489 468 518 516 el
534 465 675 516 delectent
690 464 805 528 nouus,
829 463 862 512 ul
876 461 910 512 ld
925 471 1037 526 quoque
1055 462 1192 516 videnlur

191 565 248 602 non
266 549 393 613 defuisse
413 552 525 616 mauis,
560 559 646 611 quum
668 543 873 611 ιιιιιειτιιιιιιιι
896 547 935 605 (Ιι.
953 557 979 595 e.
999 548 1030 596 ui
1046 549 1075 596 ei
1092 545 1121 596 in
1140 549 1191 598 buc

192 648 223 686 re
238 633 336 699 jasius
355 635 454 684 modus
470 633 624 690 servetur).

147 725 174 779 a)
193 718 281 771 Paulo
298 718 410 782 plenius
427 718 500 766 hunc
517 717 611 765 locum
627 713 739 763 exhibui
755 715 881 766 iiacrob.
900 716 960 764 sai·
977 715 1014 780 il,
1032 715 1071 765 8.:
1083 717 1192 781 *‚,biui-

193 804 223 868 il,
240 808 272 854 ui
289 803 423 865 aestimo,
439 800 468 851 in
486 801 539 850 boc
557 811 576 848 a
592 799 723 848 Varrone
741 797 926 862 dissentioni,
945 799 993 860 qui
1008 799 1038 850 in
1053 799 1104 851 iila
1120 801 1192 864 leui·

192 887 307 938 (lissima
325 889 430 940 sutura
446 883 607 946 Menippea,
640 893 712 944 quae
734 880 898 932 inscribitur
915 881 1020 934 Nescio
1042 885 1119 946 Quid
1139 887 1193 938 Ve-

192 984 262 1037 sper
284 970 377 1021 Velini
393 967 479 1032 (sic),
508 968 542 1017 de
558 966 683 1017 secunda
699 977 797 1016 mensa
818 967 949 1028 placenta
965 969 1098 1018 removit:
1131 971 1191 1034 sed,

195 1067 313 1119 quaeso,
332 1053 428 1118 dicas,·
441 1051 574 1115 caecina,
592 1050 679 1099 verba
695 1048 759 1110 ipsa
775 1049 929 1114 Varronis,
949 1049 974 1098 si
990 1050 1039 1101 tibi
1054 1051 1192 1105 beneflcio

194 1137 343 1189 memoriae
363 1136 515 1187 tenacioris
531 1137 693 1185 haeserunt.
729 1134 767 1183 Ei
781 1133 914 1184 Albinuas
949 1135 1061 1201 Locus,
1093 1136 1193 1202 inquit,

194 1221 348 1285 Varronis,
366 1233 444 1284 quem
463 1219 565 1271 referri
583 1231 600 1270 a
619 1231 662 1270 me
679 1218 817 1283 impensa,
834 1216 865 1266 iu
882 1216 925 1267 bis
943 1217 1004 1268 iere
1021 1219 1116 1270 serbis
1134 1224 1193 1270 esi:

194 1307 355 1374 „Bellnriu
372 1318 408 1356 eu
423 1307 549 1356 macinae
568 1305 636 1356 suni
651 1297 779 1367 mellita,
803 1314 888 1366 -qune
906 1303 1020 1355 mellita
1035 1317 1093 1355 non
1110 1308 1193 1358 cuni:

195 1391 328 1442 dulcibus
346 1384 421 1440 enirn
439 1401 503 1440 cum
516 1391 600 1454 nepai
617 1390 746 1440 aculeius
763 1383 864 1450 infida.
900 1385 1078 1453 Sinnificnni
1099 1390 1195 1442 aulem

193 1476 321 1526 bellaria
343 1486 424 1526 omne
444 1486 560 1524 mensae
581 1473 724 1524 secundae
740 1483 849 1536 senune
884 1484 952 1524 nunc
971 1484 1045 1536 quae
1064 1465 1195 1537 πέμματα

196 1560 307 1610 Graeci
325 1560 372 1608 uel
391 1551 557 1622 τραγήματα
579 1558 730 1620 dicerunt,
764 1568 799 1607 eu
816 1557 928 1606 celem
944 1558 1043 1608 noeirs·
1060 1560 1196 1623 appeun-

193 1655 263 1695 uere
279 1641 415 1692 bellaria.
455 1642 529 1690 Vina
545 1653 655 1705 quoque
672 1641 810 1690 dulciora
827 1641 873 1691 ert
884 1642 1016 1692 inuenire
1032 1644 1064 1693 in
1080 1655 1194 1694 comoe-

194 1729 254 1779 diis
270 1723 483 1791 antiquioribus
499 1725 555 1774 boc
572 1723 713 1776 uocabulo
727 1726 860 1790 dictuque
872 1738 908 1776 en
920 1724 1022 1778 Liberi
1034 1723 1193 1780 bellurin“.

195 1809 239 1861 Gi.
255 1811 376 1860 lobann.
396 1809 534 1860 sarisber.
556 1809 690 1860 Policrul.
712 1809 794 1879 vili,
819 1809 860 1858 in
891 1808 1080 1876 ,‚significanb
1101 1816 1194 1864 aulem

194 1894 313 1945 bellaria
329 1907 408 1944 omne
422 1906 513 1958 genus
528 1905 641 1944 mensae
658 1894 816 1953 secundam
834 1893 964 1956 quoniam
980 1894 1019 1946 ibi
1034 1898 1129 1948 solent
1143 1910 1197 1959 ap-

194 1979 275 2042 poni,
309 1990 381 2041 quae
402 1978 546 2040 pulcrior-a
569 1980 635 2029 suni
652 1981 681 2027 eb
697 1977 873 2029 delicatiora.
909 1979 1001 2030 Utitur
1024 1985 1117 2033 aulem
1139 1983 1194 2032 boc

194 2063 304 2114 nornine
322 2066 360 2112 Μ.
377 2063 485 2113 Varro:
520 2058 720 2129 „Belluriu“,
739 2061 843 2125 inquil,
862 2075 921 2127 „en
937 2066 1063 2115 mucione
1080 2066 1196 2116 mellito

195 2150 276 2214 suni,
297 2159 369 2211 quoe
384 2148 497 2198 mellita
515 2160 571 2196 nou
582 2143 687 2218 ,cunl‘fi
724 2145 806 2202 Quod
824 2146 899 2194 loric
918 2157 953 2195 eo
970 2147 1073 2196 referri
1091 2149 1196 2209 polest,

196 2230 375 2298 quodhuienli
392 2229 519 2292 gratiora
538 2232 668 2291 sunnon,
704 2239 776 2289 qliae
791 2227 952 2278 necessilus
967 2228 1085 2292 appelli,
1116 2241 1197 2292 quam

197 2325 269 2377 quae
287 2311 408 2364 irritatio
430 2313 514 2376 gillae
535 2309 671 2360 invenii“.

266 2532 339 2585 uxi.
377 2530 619 2594 uerbenam,
653 2526 750 2579 ΠΕΡΙ
772 2526 1060 2580 ΝΟΜΙΣΜΑΤΩΝ.

199 2642 290 2697 optimi
305 2641 377 2688 Nonii
391 2641 447 2686 libri
463 2644 527 2686 nunc
545 2640 633 2685 librum
647 2639 766 2685 Varronis
782 2644 925 2685 conclamet
941 2639 1016 2685 cilanl
1033 2640 1083 2688 sic:
1102 2641 1197 2699 „Varro

134 2704 273 2773 octogeni,
297 2720 326 2753 rc.
348 2697 565 2767 Νομισμάτων“,
591 2711 697 2761 excepto
716 2718 765 2753 uno
783 2710 839 2753 loco
862 2719 886 2762 p.
905 2706 953 2764 20,
972 2706 1012 2753 19.
1038 2719 1063 2754 v.
1084 2709 1197 2767 clepere,

129 2779 173 2824 ubi
191 2779 268 2823 codd.
288 2775 367 2821 Gueli.
391 2780 414 2821 el
430 2776 508 2829 Lagi.
521 2777 644 2841 'praebent
662 2776 758 2832 „Varro
779 2770 955 2837 Ociogs'essi“,
971 2779 1035 2829 quod
1052 2782 1198 2831 receperunt

128 2844 264 2891 novissimi
277 2844 392 2892 edilores.
427 2845 476 2889 seli
491 2845 642 2889 vocabulum
658 2838 794 2905 Ociogesia
807 2844 924 2898 quirinum
939 2843 1059 2899 siqniicel
1074 2850 1116 2891 sui
1132 2847 1197 2891 unic

129 2913 294 2958 derivandum
315 2912 359 2969 sil,
386 2910 477 2958 irualra
495 2913 638 2957 laborarunt
654 2910 809 2966 interpretas.
843 2913 913 2970 Ali,
932 2914 1060 2965 ‚Lamenb
1078 2918 1103 2958 el
1122 2916 1197 2959 Turn.

130 2980 213 3036 (Λᾶν.
229 2982 310 3037 xvii,
336 2978 400 3039 sl),
426 2980 491 3025 omni
508 2980 626 3027 codicum
641 2978 770 3025 lisanda
790 2980 946 3038 assimila,
969 2987 1130 3028 correxerunt
1149 2983 1196 3040 „V.

135 3043 302 3123 Oclogesimo
315 3056 343 3093 n.
355 3038 628 3107 Νομισμάτωνι“.-
640 3048 735 3101 Peuma
748 3048 914 3094 hallucinatus
930 3053 977 3109 eal,
992 3052 1125 3105 legendum
1138 3060 1198 3096 essa

129 3101 324 3175 Ὀχθογαισις,
352 3126 399 3169 quo
418 3116 513 3162 aciiicel
531 3117 654 3161 vocabulo
673 3120 771 3160 nolelur
793 3116 863 3170 vulgi
884 3118 979 3174 opinio,
1004 3118 1070 3169 quod
1092 3116 1199 3169 pecunia

131 3182 165 3228 sit
187 3192 306 3237 angorum
331 3194 492 3237 curarumque
517 3187 633 3236 lanqnum
657 3182 791 3234 expultrix.
827 3183 877 3227 seri
897 3187 946 3228 bac
969 3185 1130 3236 ooniccluraa
1151 3182 1198 3225 mi-
1254 3231 1257 3236 Α

130 3250 197 3295 nime
220 3253 328 3305 placent.
359 3250 422 3295 ‘illibi
444 3260 563 3305 perquam
587 3244 721 3293 verisimile
749 3252 801 3303 est,
829 3251 998 3301 rennuendum
1020 3257 1081 3293 esse
1104 3248 1198 3303 „Varro

134 3312 288 3378 Ociogesar',
313 3326 342 3361 ιι.
363 3311 436 3373 Ν.“,
458 3317 523 3369 quod
542 3316 705 3369 vocabulum,
729 3322 877 3365 quamquam
895 3314 986 3359 iruslra
1002 3313 1159 3367 quaesiveris
1175 3314 1200 3358 iu

129 3384 238 3441 lexicis,
265 3387 346 3427 lamen
363 3384 457 3437 probae
479 3386 552 3426 nolae
576 3386 614 3426 esi
639 3384 663 3424 ei
685 3379 742 3433 ipso
760 3380 880 3425 Varronis
899 3381 1037 3427 leslimonio
1055 3378 1199 3440 defenditur,

131 3450 199 3506 quod
218 3454 345 3495 servulum
361 3454 401 3494 esi
416 3449 442 3493 in
459 3448 580 3494 Prisciani
596 3448 659 3493 libro
677 3448 707 3491 de
722 3448 876 3493 Ponderibus
893 3460 918 3503 o.
937 3446 1013 3494 1³56.
1034 3450 1071 3493 cri.
1087 3450 1199 3508 Pulscir.,

131 3520 195 3574 cau.
217 3519 256 3563 De
277 3516 503 3572 compositionibus
526 3521 551 3561 el
570 3514 770 3561 Darivsliouibus
794 3515 933 3562 muiliisriis
956 3519 1099 3563 verborum:
1126 3520 1199 3576 „Duo

132 3597 226 3644 asses,
245 3585 343 3644 dussis,
360 3584 512 3640 dupondius:
531 3584 632 3642 lressis,
651 3584 810 3642 conitensis,
828 3585 1092 3644 rusurrianensis,
1112 3588 1199 3633 lrices·

133 3655 181 3712 sis,
199 3653 388 3712 quadragenis,
403 3653 604 3710 quinquagenis,
623 3652 831 3711 sexugassls,
849 3654 1038 3713 coniungenda,
1056 3658 1198 3710 coluges-

134 3723 197 3779 sis,
221 3721 385 3778 nonagenis,
410 3721 551 3767 concussis:
577 3724 635 3775 nost
657 3731 728 3774 quem
747 3732 888 3781 numerum,
914 3727 977 3769 iesle
994 3724 1121 3781 varrone,
1149 3734 1199 3768 non

133 3794 316 3843 componunlur
333 3800 388 3834 cum
411 3800 472 3835 asse
493 3785 613 3833 numeri‘.
640 3810 674 3820 -
696 3788 810 3835 celerum
835 3789 868 3834 cf.
890 3801 937 3836 nos
961 3789 1026 3836 inira
1049 3800 1147 3844 quoque
1168 3791 1199 3835 all

134 3858 211 3903 inser.
230 3858 280 3903 sal.
302 3852 466 3919 Secugesss's.

159 3956 187 4018 l.
217 3956 385 4039 Postquam
408 3928 496 4020 avida
518 3953 613 4019 libido
633 3973 741 4038 rapere
763 3973 798 4017 uc
820 3952 981 4018 concidere
999 3954 1118 4040 coepit,
1141 3973 1198 4017 se-

222 4084 282 4149 que
303 4062 426 4149 opificio
447 4084 510 4128 non
531 4063 669 4148 probiter
688 4063 818 4146 clepere.
