2934 4750
282 281 348 342 Μ
532 327 536 344 ,
621 297 655 338 ι
677 295 828 340 rensuum
852 296 1009 340 vuaoaur

308 464 334 526 l.
368 461 427 527 llio
447 460 532 524 enim
551 458 655 524 omnia
675 465 756 524 erat:
794 460 874 524 idem
895 459 1051 537 sacerdos,
1079 468 1218 546 praetor,
1245 483 1343 546 paro-

368 569 455 646 chos,
477 568 610 654 deniqne
632 566 712 632 idem
733 574 873 646 senatus,
892 567 973 634 idem
994 569 1142 656 populus,
1164 580 1265 658 caput.

304 680 333 743 2.
366 679 403 742 In
425 677 531 742 castris
551 676 724 764 permansi,
767 677 838 742 inde
862 675 1013 746 caballum
1035 679 1143 746 reduxi
1165 679 1204 746 ad
1229 702 1345 748 censo-

367 809 443 852 rem.
986 803 990 806 ·

304 898 334 962 3.
366 899 474 981 ltaque
495 903 562 960 tum
585 915 700 979 equum
723 895 912 975 mordacem,
941 896 1151 974 calcitronem,
1186 897 1344 966 borridum

367 1005 455 1069 miles
475 1024 509 1066 ao
530 1003 578 1068 vir
598 1024 661 1067 non
680 1003 805 1069 vitabat.

304 1117 334 1179 4.
366 1114 456 1181 Nrmc
475 1120 583 1178 emunt
602 1112 736 1190 trossuli,
757 1112 852 1178 nardo
873 1111 972 1190 nitidi,
994 1113 1086 1198 vulgo
1106 1116 1209 1184 Attico
1230 1118 1343 1184 talento

367 1242 491 1306 equum.

302 1331 332 1394 5.
365 1329 450 1408 Quid
472 1329 554 1393 enim
574 1336 635 1406 est,
672 1327 755 1416 quod
775 1327 869 1396 homo
893 1329 1045 1394 masculus
1066 1331 1221 1398 lubentius
1242 1335 1342 1401 videre

361 1439 478 1504 'debeat
497 1437 579 1503 bella
597 1439 716 1504 uxore?
1052 1421 1066 1449 ⁸

300 1549 332 1616 6.
367 1554 543 1633 Antequam
563 1547 673 1612 militia
693 1547 838 1611 subactus
857 1546 975 1632 aliquot
995 1548 1084 1612 annis
1104 1559 1179 1613 erat

303 1658 331 1722 ’1.
366 1657 503 1722 Alteram
531 1655 611 1720 riam
638 1656 823 1721 deformasse
850 1655 1038 1722 Carneadem
1065 1657 1189 1724 virtutis
1214 1680 1232 1723 e
1259 1657 1341 1745 cupis

341 1845 345 1849 q
367 1765 444 1828 acris
463 1764 553 1838 aceti.

301 1871 331 1938 8.
364 1873 526 1957 Unumque
547 1871 628 1936 viam
648 1873 773 1938 Zenona
795 1875 963 1951 moenisse,
996 1874 1074 1939 duce
1100 1875 1230 1953 virtute,
1267 1875 1341 1941 hanc

366 1999 432 2044 esse
457 1979 606 2044 nobilem:
645 1980 772 2066 alteram
798 1982 987 2049 Carneadem
1014 1981 1224 2062 desubulasse,
1265 1985 1342 2049 bona

366 2088 502 2174 corporis
523 2096 672 2154 secutum.

301 2197 331 2263 9.
365 2197 429 2276 Qui
452 2203 543 2276 se[se]
567 2197 600 2262 in
620 2219 751 2282 ganeum
766 2215 936 2268 ‘accensum
955 2199 1083 2285 conjecit
1103 2198 1228 2264 amicae.

281 2307 330 2371 10.
353 2306 458 2385 ¹Quod
479 2306 620 2373 Minerva
642 2309 885 2393 propterstetit,
923 2309 1093 2394 significare
1121 2329 1192 2374 eum
1218 2315 1340 2395 propter

365 2415 544 2480 doctrinam

279 2526 330 2589 11.
363 2524 500 2591 Navibus
520 2524 679 2591 duodecim
702 2523 794 2591 domo
817 2524 986 2611 profectum
1015 2526 1119 2591 decem
1140 2546 1235 2590 annos
1258 2526 1340 2590 soli-

365 2632 420 2697 dos
440 2653 566 2698 errasse.

280 2742 328 2804 12.
363 2742 481 2806 Ventus
503 2743 561 2808 sub
581 2762 691 2806 occasu
710 2740 924 2809 vehementius
953 2740 1075 2807 sulllare
1101 2750 1133 2817 et
1159 2740 1258 2807 calcar
1280 2743 1340 2807 ad·
1456 2832 1457 2839 ἵ

364 2869 497 2913 11101616-

281 2953 329 3019 13.
362 2955 475 3037 lugere
497 2956 629 3021 volitans
652 2956 763 3023 milvus
789 2958 872 3024 visus
893 2979 1005 3044 aquam
1026 2980 1044 3023 e
1066 2959 1200 3025 nubibus
1228 2968 1341 3027 tortam

364 3060 478 3125 indicat
500 3063 581 3140 sore,
608 3071 644 3128 ut
663 3065 801 3148 tegillum
822 3074 927 3151 pastor
950 3067 1007 3131 sibi
1028 3076 1138 3133 sumat

280 3172 328 3234 14.
363 3170 481 3236 Omnes
503 3170 631 3234 inritans
653 3182 760 3238 ventos
780 3194 948 3259 omnesque
970 3176 1126 3259 procellas.

280 3280 328 3345 15.
452 3308 461 3324 ,
783 3283 888 3367 Ipsum
911 3282 1013 3348 audivi

361 3388 442 3452 Vino
463 3387 585 3451 invitari
605 3389 724 3472 poculis
746 3389 829 3473 large
850 3397 943 3475 atque
966 3390 1107 3474 benigne.

278 3494 327 3558 lb.
359 3492 432 3558 Vias
458 3494 625 3579 stelligeras
649 3495 782 3561 aetheris
810 3497 964 3583 explicans
992 3506 1063 3565 abre
1098 3495 1172 3562 cavo
1191 3490 1342 3560 'sonitum

361 3601 463 3668 emisit
480 3604 630 3668 cotumir.

278 3712 326 3778 17.
359 3711 418 3777 Ubi
438 3711 597 3797 quondam
615 3711 720 3795 lupam
738 3710 855 3777 alumni
873 3713 1017 3779 fedarunt
1035 3714 1120 3779 olim.

276 3821 324 3887 18.
355 3821 415 3887 Ubi
436 3820 523 3886 nitidi
545 3819 673 3907 ephebi,
693 3826 778 3887 veste
798 3823 882 3909 pulla
903 3821 1034 3899 candidi,

358 3929 543 3995 Modestiam
563 3929 647 3995 intus
662 3939 793 4016 pascunt
810 3940 947 4018 pectore.
