2934 4750
251 271 283 315 Vl
689 271 882 316 usurario.

249 453 379 514 scatent
404 444 479 511 viae
503 442 741 532 asperitatibus
765 452 868 532 atquc
888 444 1097 532 vepreculis,
1126 443 1214 512 inter
1234 467 1317 536 gra-

247 564 342 632 viora
370 560 481 631 studia
512 581 617 651 saepe
648 583 716 629 non
743 560 815 628 sine
841 561 956 630 taedio
981 569 1016 629 et
1039 561 1236 651 importuno
1257 564 1317 630 otii

247 681 422 770 impendio
448 679 657 770 superandis.
692 678 834 748 Accinai
859 702 914 747 me
937 679 1043 771 igitur
1068 680 1114 747 ad
1127 679 1315 748 Varronem

134 824 136 828 ·
246 799 436 883 edendum,
468 797 563 888 cujus
594 796 745 886 reliquiis
778 797 997 888 colligendis,
1031 798 1251 867 emendandis
1276 808 1317 871 et

245 916 452 985 illustrandis
478 914 553 1005 jam
580 915 704 982 ultimis
734 938 819 1005 quos
846 915 881 982 in
906 914 1093 984 Academia
1124 915 1314 1004 studiorum

243 1034 355 1127 gratia
378 1035 539 1102 versabar
565 1034 658 1101 annis
684 1031 866 1127 diligenter
887 1032 1033 1102 intentus
1056 1055 1160 1118 eram,
1191 1055 1313 1123 spero-

244 1174 311 1240 que
336 1153 428 1237 l‘ore,
449 1161 486 1220 ut
510 1173 578 1219 non
599 1173 739 1240 prorsus
761 1150 858 1218 nihili
884 1150 1077 1218 aestimetur
1104 1173 1211 1240 opera
1236 1173 1312 1218 mea

243 1278 277 1336 et
307 1291 388 1337 cura
419 1269 455 1337 in
488 1268 557 1338 hoe
595 1269 684 1336 lbro
719 1269 907 1353 collocata,
947 1289 1016 1360 qua
1047 1278 1119 1336 tum
1147 1267 1310 1350 Varronis

242 1409 364 1456 nomen
393 1387 479 1454 illud
511 1410 576 1476 per
612 1396 719 1455 totam
753 1385 985 1474 antiquitatem
1017 1385 1310 1456 concelebratissi-

240 1528 332 1573 mum
372 1505 550 1572 studebam
584 1504 743 1596 digniore
776 1504 924 1593 quadam
958 1527 1060 1592 quarn
1092 1528 1159 1593 qua
1194 1501 1308 1571 adhuc

239 1622 415 1714 gaudebat
438 1623 525 1690 inter
548 1643 610 1688 uos
636 1621 799 1690 memoria
825 1643 966 1705 ornare,
993 1630 1066 1690 tum
1096 1621 1309 1696 annocum

237 1741 445 1812 Marcellum
474 1739 732 1808 emaculandum
765 1747 803 1806 et
829 1739 867 1806 in
890 1739 1069 1829 pristinam
1097 1763 1195 1808 suam
1219 1739 1307 1808 inte-

238 1860 398 1952 gritatem
424 1857 667 1928 restituendum
691 1856 820 1947 aliquid
853 1880 922 1948 pro
942 1857 1031 1934 uirili
1056 1867 1158 1947 parte
1177 1857 1306 1924 contri-

236 1979 362 2062 buere,
382 1975 477 2067 cujus
503 1975 726 2046 Grammatiei
746 1997 869 2044 novam
891 1975 1093 2059 editionem,
1114 1997 1135 2042 a
1156 1973 1306 2067 diligen-

235 2095 369 2164 tissima
403 2094 629 2164 Lindemanni
673 2118 776 2164 mauu
819 2103 987 2178 curatam,
1034 2093 1181 2184 proxim
1225 2092 1308 2162 auri

235 2221 443 2300 exspectant
517 2212 804 2286 Varroniauorum
846 2213 1119 2304 fragmentorum
1158 2212 1308 2301 primam

234 2328 345 2398 effero
370 2328 589 2419 particulam,
618 2331 848 2401 continentem
871 2329 1136 2420 Menippaarum
1162 2331 1305 2401 Satura-

232 2470 307 2516 nun
344 2446 522 2536 rduquias,
561 2466 650 2537 quae
682 2466 787 2536 quum
819 2448 865 2515 ab
900 2448 978 2536 ipro
1008 2456 1152 2517 auctore
1182 2450 1306 2520 ceteris

231 2566 393 2655 operibus
421 2566 516 2655 prim
548 2573 660 2635 essem
691 2564 929 2653 conscriptae,
964 2586 1056 2633 nuuc
1087 2564 1216 2657 dignae
1247 2568 1303 2635 vi·-

231 2682 402 2751 debaatur
443 2706 534 2769 esse,
573 2702 716 2773 quarum
751 2683 945 2775 fruguum
979 2682 1073 2771 prius
1110 2683 1303 2754 ederentur.

230 2798 351 2890 Opera
371 2806 483 2867 autem
507 2810 623 2868 nostra
644 2801 681 2869 in
706 2800 763 2867 his
785 2800 917 2889 poeita,
936 2799 968 2867 si
990 2800 1129 2888 quaudo
1149 2801 1302 2873 smmum

229 2918 289 3003 sit,
317 2926 355 2985 ut
376 2917 524 3006 aliquam
549 2916 688 2987 laudem
711 2918 807 3007 apud
829 2938 957 3006 aequos
981 2926 1016 2985 et
1040 2917 1218 3011 benigms,
1239 2922 1300 3009 qui

227 3036 317 3103 libro
343 3032 687 3124 redemptrices
710 3044 955 3123 consequatur:
983 3058 1052 3103 uon
1077 3036 1188 3107 deerit
1211 3060 1297 3128 pro-

226 3154 331 3239 lecto,
352 3153 532 3243 quominus
552 3153 693 3223 alterum
716 3154 815 3223 brevi
836 3154 995 3221 uolumen
1019 3163 1193 3244 sequatur,
1215 3157 1299 3224 red-

227 3294 372 3360 qucrum
399 3294 543 3361 opemrn
573 3272 861 3342 Varronianorum
889 3270 1084 3365 fragmenta
1111 3271 1297 3343 continens.

225 3426 279 3439 -
306 3389 388 3458 darn
418 3411 502 3457 uero
533 3389 653 3479 paucis
679 3390 770 3459 ratio
795 3389 909 3460 danda
943 3389 1028 3474 erit,
1059 3389 1233 3479 quemodo
1259 3390 1298 3459 iu

225 3506 435 3575 elaborando
458 3528 536 3575 neo
561 3508 730 3595 opusculo
752 3516 904 3578 uersatus
932 3508 1003 3575 s'm.
1055 3508 1153 3577 Nova
1182 3508 1295 3575 subsi-

224 3624 299 3707 dia,
329 3624 454 3713 quibus
474 3646 707 3695 succurrerem
733 3624 831 3693 hisce
853 3623 1003 3693 omniurn
1033 3624 1297 3715 corruptissimis

223 3741 437 3833 fragmentis,
453 3764 597 3832 quorum
619 3743 765 3811 manium
787 3766 868 3833 pars
888 3743 983 3831 apurl
1003 3742 1153 3811 Nonium
1173 3752 1295 3827 exstat,

222 3867 361 3947 practer
392 3861 457 3931 alia
492 3861 662 3951 quaedam
696 3882 824 3951 opera,
857 3859 982 3950 qu'durs
1000 3859 1225 3933 ,Gerlachius
1257 3876 1293 3931 et
1427 3937 1428 3940 ,

220 3976 380 4062 liodriua,
406 3978 578 4049 nouissimi
598 3978 673 4070 ejus
688 3978 912 4049 Grammatici
938 3978 1100 4062 editores,
1122 4000 1193 4047 non
1214 3989 1294 4049 sunt
1425 3981 1427 4068 ζ

220 4095 287 4181 usi,
314 4097 424 4167 attulit
451 4098 604 4189 inprimis
625 4098 661 4168 d.
683 4096 1154 4189 momentorumque
1176 4098 1234 4188 [h.
1247 4097 1291 4171 B.
1424 4105 1425 4136 ¹
