2934 4750
283 321 348 382 228
620 335 653 374 a.
676 331 827 374 urrunnu
851 329 1008 374 chunonis

284 500 421 568 quaero“.
455 499 560 551 Arnoh.
577 499 641 548 adv.
659 497 741 549 (ient.
759 496 796 561 li,
812 509 839 558 p.
858 495 901 546 te.
919 495 962 545 ed.
980 493 1076 546 cant:
1101 491 1196 558 „Nihil
1212 491 1284 544 enim
1301 495 1346 544 ert

283 587 365 640 nohis
381 583 547 649 promissum
563 583 599 633 att
612 583 684 633 hanc
699 580 796 647 vitam,
809 591 863 630 uec
880 579 910 630 in
927 577 1144 628 carunculae
1161 573 1265 642 hujus
1283 577 1346 629 toi-

283 671 398 722 licnto
417 664 580 719 constitutis
597 665 661 727 opis
676 663 781 727 auputu
794 673 927 725 sponsum
945 662 990 710 est
1005 659 1158 723 auxiliique
1175 659 1346 711 decretum“.

284 753 403 805 hertuil.
426 750 548 813 Apolog.
572 760 598 797 ο.
615 748 659 796 tt).
684 747 715 798 in
737 745 947 797 narratiuncula
969 744 1004 795 tie
1028 743 1166 806 supplicio
1188 744 1346 795 Anaxarchi

283 833 441 900 philosophi
457 837 553 896 (quam
569 830 650 895 petiit
667 843 703 881 ex
718 827 803 892 utog.
822 831 917 879 heert.
934 825 987 889 ni,
1004 826 1077 885 teo:
1105 827 1234 892 „hunda
1252 829 1345 892 utute,

283 916 395 984 ajebat,
426 914 586 968 Anaxarchi
615 914 736 965 follem
767 906 935 972 (θάλακονΝ
972 912 1165 962 Anaxarchum
1192 911 1265 961 euim
1290 922 1345 961 non

285 1001 409 1054 mndis“.

350 1087 376 1134 t.
410 1085 464 1144 Ap·
480 1083 554 1132 iton.
567 1093 593 1141 p.
612 1079 673 1144 tta,
690 1080 716 1129 t.
732 1092 760 1129 v.
776 1077 914 1130 Modicum
930 1077 959 1127 in
978 1076 1180 1132 consuetudine
1194 1076 1344 1140 pauxiiium

284 1168 412 1217 volumus
434 1161 606 1228 significare.
640 1162 780 1214 Modicum
802 1165 915 1212 veteres
938 1161 1109 1212 moderatum
1133 1163 1163 1211 et
1180 1173 1242 1211 cum
1264 1161 1344 1211 modo

284 1251 341 1301 ‹iici
360 1250 467 1300 volunt.
484 1274 518 1285 -
541 1248 652 1298 modice
669 1246 762 1298 nahts
778 1247 867 1296 hiere.
887 1247 916 1294 et
937 1245 981 1294 ei.
998 1245 1106 1295 noviss.
1124 1257 1161 1294 ex
1178 1243 1239 1294 suis
1259 1243 1344 1294 cett.

285 1334 384 1386 umbos
400 1345 456 1395 mg.
470 1333 550 1396 iun,
569 1331 682 1393 Popma.
717 1331 828 1382 modice
838 1326 951 1392 jamin
970 1331 1068 1379 nostra
1086 1331 1131 1378 est
1148 1325 1323 1392 conjectura.

285 1635 438 1686 cxxxiiii
473 1632 525 1685 TO
538 1632 611 1683 ΕΠΙ
629 1632 700 1682 ΤΗΙ
712 1631 834 1683 ΦΑΚΗΙ
849 1627 1001 1694 MYPON,
1015 1627 1109 1678 ΠΕΡΙ
1120 1627 1345 1680 ΕΤΕΤΗΡΙΑΣ.

353 1759 429 1805 cotti.
451 1757 555 1803 hierceri
578 1762 602 1801 et
621 1758 660 1801 ert.
686 1755 783 1802 noviss.
808 1757 925 1809 praehent
950 1753 1109 1810 inscriptum:
1138 1757 1185 1812 ‚‚v.
1207 1750 1240 1799 T.
1261 1749 1293 1800 E.
1315 1749 1345 1798 T.

288 1821 320 1870 Φ.
338 1821 396 1880 M.‚
416 1815 479 1881 περὶ
497 1815 619 1882 Εὐοερλα
636 1825 678 1869 vei
695 1834 723 1868 π.
744 1812 898 1882 Εάιερλας,
917 1825 941 1867 et
958 1825 1037 1870 semei
1059 1831 1088 1866 π.
1108 1811 1273 1882 Εάισηρίας.
1302 1823 1346 1867 set

286 1892 324 1937 ett.
343 1889 433 1949 thau,
451 1892 508 1936 iun.
524 1895 549 1934 et
560 1892 727 1944 haerentem.
739 1890 792 1943 iam
808 1890 867 1936 otim
882 1889 1023 1936 retituerunt
1041 1897 1070 1934 π.
1087 1877 1253 1949 Ειάιπηρίας.
1272 1891 1345 1936 'turn

285 1959 350 2004 htv.
371 1959 461 2015 xxix,
480 1954 497 2001 3
518 1961 543 2001 et
562 1959 656 2010 Popma
682 1956 760 2002 invite
781 1958 858 2004 coit.
882 1956 1026 2003 auctoritate
1050 1956 1186 2002 inscribunt
1208 1967 1236 2002 π.
1260 1944 1346 2002 Εὐτε-

286 2020 370 2078 tatae.
388 2047 423 2058 -
443 2027 564 2070 licuerat
584 2026 650 2070 hane
668 2027 772 2071 saturae
793 2025 976 2080 inscriptionem
1000 2023 1181 2080 proverbialem
1203 2027 1236 2070 ht.
1256 2026 1345 2070 tronto

285 2103 326 2148 ap.
342 2094 404 2139 tleii.
422 2094 486 2151 xiii,
503 2089 547 2136 28.
569 2091 619 2150 uhi,
637 2093 768 2146 lisputans
786 2093 816 2137 ne
833 2092 974 2140 discrimine
991 2092 1056 2147 qued
1072 2091 1205 2136 intercedat
1227 2091 1252 2136 ai
1275 2091 1346 2138 ‹iicas

287 2161 374 2219 „multi
391 2155 528 2206 mortalea“
547 2159 613 2205 etat
629 2160 699 2206 tices
717 2161 804 2219 „muiti
824 2155 981 2219 honines,“:
1004 2158 1106 2218 ‚‚vitiete
1123 2153 1238 2216 tamen,“
1260 2157 1346 2215 innuit,

285 2239 318 2273 ne
340 2227 500 2285 existimetis,
528 2237 628 2282 semper
644 2234 718 2283 atque
735 2228 761 2274 in
785 2228 849 2274 omni
870 2231 927 2273 ioco
948 2229 1065 2272 mortales
1083 2227 1173 2272 mnitos
1193 2237 1239 2281 pro
1263 2227 1345 2272 nnttts

285 2295 424 2342 hominihus
442 2306 502 2342 esse
525 2294 666 2351 dicentium,
689 2297 814 2350 neptune
831 2295 873 2343 iat
890 2297 1011 2340 Graecum
1033 2293 1092 2338 iiiut
1112 2293 1143 2338 tie
1163 2294 1284 2341 Varronis
1302 2297 1346 2338 sa-

285 2369 341 2409 tura
353 2364 514 2418 ‘proverbium
530 2356 561 2409 T.
579 2357 612 2409 E.
633 2358 664 2409 Τ.
683 2357 714 2409 Φ.
732 2357 774 2408 Μ.
807 2364 868 2410 item
886 2362 995 2409 meminit
1008 2361 1154 2409 Athenaeus
1171 2361 1291 2417 iteipnoe.
1306 2361 1345 2417 iv,

286 2443 310 2486 p,
331 2428 403 2475 lca:
431 2421 532 2489 ,,Πρός
555 2424 646 2475 ταῦτα
667 2417 682 2475 ὁ
703 2420 789 2483 καλὸς
807 2418 887 2490 ἡμῶν
903 2419 1039 2490 ἑστιάτωρ
1056 2418 1216 2489 Λαρήνσιος
1234 2420 1280 2475 καλ
1298 2415 1346 2473 αὖ·

287 2487 337 2550 τὸς
360 2487 428 2557 ἔφη·
445 2484 480 2542 Ὦ
498 2484 599 2556 ἄνδρες
615 2486 697 2551 κύνες
719 2488 758 2553 οὶ,
780 2488 854 2542 κατά
873 2486 926 2557 τὴν
943 2486 1112 2557 Σράτοιδος,
1138 2489 1191 2541 ποῦ
1208 2488 1347 2557 κωμῳδιο-

287 2557 382 2623 ποιοῦ,
400 2554 554 2622 Ἰοκάστην,
569 2552 632 2623 ἥτις
651 2553 681 2609 ἐν
701 2560 764 2619 ταῖς
783 2552 1020 2624 ἐπιγραφομέναις
1039 2553 1199 2617 Φοινίσσαις
1216 2556 1298 2624 φησί·

506 2621 680 2689 Παραινέοαι
698 2620 729 2676 δὲ
748 2624 828 2695 σφῷν
844 2642 873 2676 οι
890 2621 1027 2694 βούλομαι
1042 2619 1131 2690 σοφόν

504 2685 574 2743 ὅταν
616 2690 687 2758 ακῆν
703 2687 801 2758 ἕψητε,
817 2688 856 2758 μὴ
872 2684 972 2758 ’πιχεῖν
988 2687 1085 2757 μύρον.

288 2755 345 2838 Κμλ
363 2751 378 2808 ὁ
396 2755 552 2825 Σώπατρος
575 2708 618 2825 δῖ,
644 2750 680 2811 οὖ
699 2758 734 2811 τά
758 2757 810 2810 νῦν
830 2756 981 2827 μέμνησαι,
1009 2753 1038 2810 ἐν
1056 2756 1166 2827 Νεκνϊᾳ
1184 2752 1347 2823 μνημονεύει

288 2841 391 2881 ουτως·

499 2885 616 2951 Ἴθακος
628 2886 778 2952 Ὀδυσσεὺς
796 2886 880 2945 count
896 2891 930 2961 τῇ
948 2890 1025 2961 φακῇ
1043 2886 1134 2959 μάρσν

505 2954 636 3020 πάρεστι·
654 2956 771 3025 θάρσει,
793 2955 878 3026 θυμέ.

287 3015 487 3104 Κλέαρχοςρὲ,
505 3018 530 3103 ὁ,
540 3020 598 3076 άπὸ
614 3025 665 3077 τοῦ
682 3022 849 3093 περιπάτου,
866 3022 897 3079 ἐν
913 3028 972 3087 τοῖς
988 3023 1050 3091 ueni
1066 3023 1226 3091 παροιμιῶν
1242 3018 1282 3085 ιάς
1298 3040 1347 3076 πα-

288 3087 407 3222 tut}
422 3087 861 3228 μονοκάλαμον
875 3086 1265 3221 κοιλιακοῖς
1273 3087 1348 3223 riti

813 3200 821 3227 ’
1156 3216 1163 3237 r

288 3238 361 3284 νος·
380 3222 429 3273 καί
447 3220 588 3305 σλεπολλολ
605 3226 662 3278 τῶν
678 3244 877 3295 νραμμαιικων
893 3227 950 3279 τῶν
959 3220 1117 3292 Ῥωμαϊκῶν
1132 3241 1182 3343 oc?
1199 3217 1347 3289 ὁμιλήσαν-

288 3306 334 3349 τος
350 3292 464 3350 πολλοῖς
482 3292 646 3357 Ελληνικοῖς
662 3297 794 3361 ποιηταῖς
808 3292 856 3346 καλ
869 3294 1081 3362 σνγγραφιῦσιν,
1097 3288 1147 3345 οὐκ
1175 3305 1266 3355 σασιν,
1280 3286 1349 3343 ὅθεν

289 3356 402 3423 εἴληφεν
427 3352 443 3409 ὁ
470 3351 611 3426 Οὐάρρων
632 3359 665 3414 τὸ
690 3361 845 3431 ἰαμβεῖσν.“
878 3370 1017 3423 iisurpatur
1040 3372 1122 3414 autem
1145 3365 1169 3413 iti
1194 3365 1349 3421 proverbium

287 3431 314 3477 tn
331 3432 454 3478 hominem
469 3439 511 3478 aut
524 3433 550 3479 tn
565 3444 616 3479 rem
632 3436 781 3495 quampiam,
798 3446 863 3490 puae
880 3436 1021 3490 nentiquam
1035 3436 1062 3481 tn
1080 3440 1190 3491 tempore
1205 3432 1349 3479 adhiheatur

288 3498 330 3554 tte,
348 3498 436 3550 quihus
453 3499 551 3546 minime
569 3502 690 3561 congruit,
705 3504 783 3549 vetuti
800 3503 823 3549 si
837 3503 1011 3559 philosophum
1027 3503 1150 3556 iuvenum
1167 3499 1350 3548 lascivientium

289 3564 406 3611 convivio
423 3566 542 3626 misceas,
566 3573 610 3614 ant
625 3580 700 3623 nuum
716 3569 779 3617 inter
795 3572 886 3625 poeuta
904 3571 934 3615 tte
950 3572 1025 3615 rebus
1044 3570 1162 3625 gravihua
1181 3572 1206 3613 et
1220 3566 1295 3613 seriis
1311 3564 1350 3611 in-

290 3630 369 3687 cipias
388 3632 520 3687 disputare.
555 3636 763 3689 Quemadmodum
784 3638 898 3683 videlieet
917 3637 1049 3683 lenticulae
1067 3635 1111 3683 viii
1130 3634 1249 3691 legumini
1267 3635 1349 3688 inepte

289 3697 346 3753 unia
362 3699 521 3747 admiscuerit
537 3708 694 3756 unguentum.
728 3702 765 3751 ct'.
784 3705 834 3751 cie.
853 3705 884 3749 att
900 3704 950 3749 Att.
966 3706 1011 3758 hp.
1031 3706 1050 3763 l,
1071 3701 1118 3760 19,
1132 3701 1157 3747 2.
1177 3708 1201 3748 et
1218 3704 1284 3747 hice.
1302 3704 1351 3746 so-

288 3768 340 3812 ian.
361 3768 393 3813 att
414 3767 518 3815 unciani
539 3770 604 3824 app.
624 3773 722 3816 saturn.
752 3782 776 3827 p.
798 3768 856 3817 tot.
883 3772 939 3817 ain.
963 3768 1005 3816 13.
1032 3791 1067 3805 -
1093 3774 1206 3818 saturum
1230 3766 1351 3815 varronin

289 3835 384 3889 Peuma
399 3840 468 3892 putat
482 3836 564 3884 reuse
581 3836 700 3892 scriptam
720 3837 746 3883 in
763 3837 876 3884 homines
893 3843 1057 3894 sumptuosos
1074 3837 1167 3896 pariter
1187 3842 1262 3891 atque
1283 3835 1351 3881 tuer-

290 3906 342 3958 tes‚
360 3902 420 3961 „uui
435 3903 496 3950 nihii
509 3909 616 3958 prosaunt
632 3907 676 3950 vet
692 3904 768 3951 ammi
781 3906 937 3953 contentione
955 3909 998 3953 vei
1014 3908 1100 3953 iahore
1119 3903 1232 3959 corporis
1248 3902 1351 3947 eiicere

290 3972 313 4013 et
329 3974 387 4015 sunt
402 3969 428 4015 in
443 3970 511 4016 cmnt
525 3971 591 4017 vitae
606 3972 702 4020 ratione
717 3973 779 4017 lauti
795 3982 825 4018 ac
839 3974 975 4027 elegentes.
1010 3974 1071 4021 tiam
1085 3978 1167 4019 autern
1180 3970 1265 4029 vitam,
1277 3978 1352 4024 uuam

288 4036 371 4082 tennis
388 4039 469 4082 cuitus
488 4037 600 4092 eorporis
617 4038 691 4085 tache
704 4042 834 4098 sustentet,
850 4042 955 4087 ohruunt
967 4042 1041 4096 copia
1056 4046 1131 4097 atque
1146 4048 1229 4089 rerum
1243 4036 1352 4085 omnium

290 4100 426 4164 καινοῦν,
444 4108 494 4151 tum
513 4113 575 4151 uero
588 4106 650 4153 tenti
666 4105 803 4155 remanent
819 4102 996 4163 unnentun‘t
