2934 4750
257 254 319 317 its
595 269 626 310 u.
651 266 804 312 rennnru
827 264 985 310 ιιιιιοιιιι

257 439 349 492 animi.
392 441 451 490 linc
475 439 615 501 pertinent
638 439 723 490 verino
747 435 914 488 Tertulliani
936 435 1009 486 libro
1033 435 1067 484 de
1086 431 1186 484 Anima
1210 437 1253 492 (e.
1270 435 1326 493 ip:

258 521 411 589 ‚,Animn“,
431 521 533 589 inquit,
558 527 672 588 „movet
691 534 796 585 corpus
814 527 843 571 et
858 522 979 571 cennius
997 516 1062 585 ejus
1081 517 1262 568 extrinsecus
1280 531 1327 581 pn·

258 611 315 659 ret:
337 609 371 657 nir
389 606 438 656 illo
455 609 500 657 eet
517 607 631 672 impingi
647 608 734 670 perles
752 606 780 656 in
797 606 940 656 incessum
958 606 987 653 et
1003 616 1101 654 nunnus
1118 602 1147 652 ln
1168 605 1329 652 contactum

260 695 288 742 et
309 693 408 742 oculos
428 691 458 741 in
480 698 661 754 conspectum
685 696 714 742 et
730 691 855 755 lingnam
879 690 907 740 in
931 687 1060 752 effetum,
1088 687 1166 737 reiut
1187 685 1328 750 sigillario

260 779 350 838 motu,
377 772 553 837 superficiem
571 777 646 828 intus
664 774 821 840 agitante“.
856 775 969 837 Popnn

329 859 354 908 2.
389 862 442 921 Ap.
458 862 530 910 Non.
552 873 577 921 p.
593 860 657 925 157,
685 859 728 909 21.
746 874 773 909 v.
792 858 964 921 Pollictores
983 858 1049 907 sunt
1067 856 1114 918 qni
1132 857 1261 906 mortuos
1279 867 1328 906 cu·

261 945 334 993 rant.
354 971 387 981 -
403 944 597 1008 pollinctores
616 944 686 995 Col.
705 944 813 1008 (lucii,
835 945 923 993 llere.
943 939 1162 1002 complosisque
1186 942 1243 989 cet.
1264 939 1328 989 elii.

260 1027 451 1090 pollinciens
466 1029 542 1093 lum,
558 1030 709 1094 nourenn„
728 1029 841 1092 Popmn.
875 1027 1050 1091 pollictores
1066 1025 1110 1074 ed.
1125 1023 1239 1074 noviss.
1272 1037 1328 1074 nro·

261 1110 346 1163 dicos
362 1111 434 1162 disc.
461 1109 548 1162 Codl.
582 1113 688 1164 medici
705 1115 732 1165 oi.
753 1112 910 1176 horrent„
939 1110 1053 1171 Pop-s.
1086 1108 1268 1159 modicorum
1291 1105 1327 1172 cj.

263 1193 356 1258 lieri,
376 1206 456 1257 quem
473 1195 565 1246 secuti
582 1209 687 1248 sumus.
723 1197 765 1246 Al
787 1199 821 1247 id
836 1196 960 1246 fortusse
978 1193 1098 1256 intellig.
1116 1186 1297 1256 φαινόμενον.

332 1279 357 1327 3.
392 1282 443 1340 Ap.
455 1281 526 1330 Non.
545 1295 571 1344 p.
589 1281 649 1347 828,
667 1281 711 1330 25.
728 1295 756 1331 v.
772 1281 893 1331 Tractus
906 1304 940 1315 —
955 1276 1062 1328 Neutri.
1081 1301 1115 1314 -
1129 1278 1227 1327 Locus
1241 1287 1329 1339 poeno

263 1363 439 1424 desperatus.
457 1390 492 1400 -
507 1365 621 1418 videret
637 1366 728 1416 totum
747 1367 867 1429 mique
886 1362 974 1414 coll.
1008 1364 1043 1412 ut
1054 1363 1150 1413 oleret
1165 1363 1276 1414 tortam
1293 1357 1328 1424 cj.

263 1445 349 1498 Palm.
392 1449 497 1514 totum,
520 1451 579 1499 tum
596 1450 622 1500 d.
647 1462 700 1500 nos
720 1446 905 1514 conjecimus.
946 1449 1035 1498 eiiam
1054 1449 1117 1497 sois
1134 1471 1169 1481 —
1184 1446 1329 1509 inpectori

265 1527 352 1584 coll.
386 1535 571 1584 ministrasse
589 1531 628 1598 ej.
645 1533 731 1584 Pnim.
766 1530 908 1596 infectori
925 1533 1003 1598 slim,
1020 1531 1101 1594 lum,
1120 1531 1225 1593 Turn„
1244 1529 1328 1579 Palm.

264 1615 298 1664 nt
312 1617 408 1667 vieret
422 1618 517 1669 torum
536 1643 572 1656 -
587 1615 725 1681 infectori
747 1615 785 1683 ej.
807 1616 915 1679 scalig.
955 1617 1170 1668 etiamsinon
1195 1626 1233 1663 ex
1254 1612 1328 1680 conj.

264 1698 437 1760 scripsimus.
460 1728 487 1738 -
508 1703 606 1751 Lenes
623 1703 741 1753 tracta
757 1702 827 1752 dixit
843 1700 944 1752 'linuit
956 1702 999 1752 El.
1013 1701 1035 1765 i,
1047 1700 1073 1763 t,
1083 1698 1126 1748 80.
1151 1699 1331 1764 „Tractaque

265 1780 299 1830 ‹le
316 1781 400 1831 niveo
419 1785 523 1834 vellere
539 1785 652 1837 ductur‘.
677 1812 712 1824 -
734 1788 831 1838 Veron
848 1784 969 1836 consilio
986 1783 1132 1835 continere
1151 1782 1281 1834 ridentur
1297 1782 1331 1832 nl

266 1863 493 1919 vestimentorum
519 1866 653 1920 artificem
676 1871 751 1920 doto.
806 1871 843 1922 ot
862 1869 977 1920 moleret
1001 1869 1092 1919 totum
1116 1868 1143 1915 ir.
1165 1879 1192 1916 e.
1217 1871 1251 1916 ut
1270 1867 1332 1917 ‹lili-

266 1951 368 2010 genter
380 1951 474 2012 operis
493 1953 553 2003 suis
570 1953 708 2020 invigilet,
721 1966 776 2004 neu
795 1957 851 2004 turn
869 1951 978 2015 quidem
995 1963 1054 2001 rem
1070 1963 1150 2001 snam
1166 1951 1268 2001 sedulo
1283 1963 1332 2002 cn-

265 2043 331 2082 rnre
350 2033 472 2101 desinet,
488 2049 568 2099 quum
585 2049 603 2088 n
621 2049 653 2087 se
672 2038 734 2103 ipso
754 2037 850 2100 operis
866 2039 975 2099 purtem
991 2037 1147 2087 coniectum
1163 2046 1230 2084 esse
1249 2035 1332 2086 scint.

335 2116 360 2166 l.
395 2120 447 2182 Ap.
465 2123 536 2172 Non.
555 2135 582 2183 p.
600 2121 668 2188 28⁵,
687 2123 713 2172 7.
734 2138 759 2172 v.
776 2125 874 2184 Aptum
893 2117 1037 2186 significet
1053 2130 1206 2171 connexum
1222 2121 1255 2168 et
1273 2121 1334 2170 col·

267 2199 394 2263 ligatum.
413 2229 441 2242 -
461 2202 608 2266 flectibus
623 2221 651 2258 o.
671 2208 745 2272 All„
760 2208 825 2259 Jun.

621 2412 722 2462 LVIII.
757 2409 982 2461 MYSTAGOGI.
1072 2421 1077 2434 ‘

336 2517 457 2571 linigentii
480 2519 535 2566 iibri
556 2521 582 2567 lu
605 2524 652 2567 noc
675 2521 744 2567 titulo
767 2531 854 2577 perum
878 2519 1034 2567 concordent.
1070 2517 1131 2566 col.
1152 2518 1216 2563 enim
1232 2518 1334 2563 Gomon.

268 2582 289 2639 l,
310 2586 334 2626 ci
358 2587 440 2633 coiiot.
467 2589 589 2644 nononis.
615 2591 646 2635 nul
668 2599 746 2643 marg.
769 2590 825 2634 elit.
851 2585 928 2634 15³5.
955 2582 994 2647 (io
1016 2586 1073 2632 irini.
1089 2583 1180 2640 Rern.)
1203 2589 1335 2640 praeirent:

270 2650 365 2705 „verm
388 2652 415 2699 in
441 2650 665 2723 Mpsiogogorum
695 2657 751 2702 iibri
773 2652 841 2703 ιιὶιια
862 2678 898 2688 -
915 2658 1019 2701 ilercor.
1039 2664 1101 2700 vero
1119 2653 1230 2699 exninnii
1247 2656 1295 2713 ‚‚v.
1311 2653 1335 2698 in

272 2710 441 2777 Mpstioorum
455 2725 472 2767 i.
485 2720 535 2770 n.“.
545 2748 579 2758 -
591 2729 643 2772 lios
660 2736 749 2772 sumus
764 2727 890 2780 vnipntnm
903 2723 1050 2778 scripturum
1064 2721 1153 2779 secun,
1168 2727 1193 2766 nl
1206 2726 1247 2767 est
1264 2722 1336 2768 etium

270 2782 295 2827 in
319 2787 357 2830 sti.
381 2789 457 2841 princ.
480 2801 504 2836 n.
526 2789 601 2838 1498.
625 2793 755 2848 (mediol.)
782 2798 806 2838 ei
830 2792 856 2837 ln
879 2793 963 2838 count.
980 2789 1113 2845 Boussarsii
1134 2789 1167 2834 nl
1184 2799 1262 2844 marg.
1280 2789 1336 2834 ellit.

271 2851 382 2897 venetae
401 2855 456 2900 sino
475 2866 548 2919 enno,
567 2869 631 2914 nune
647 2865 730 2907 exstet
750 2860 775 2905 in
795 2859 851 2906 niti
867 2858 997 2906 Beroensi.

295 2948 321 3010 i.
357 2949 551 3039 Semoneque
573 2956 700 3023 inferius
730 2957 876 3023 derelicto
898 2956 992 3022 deum
1013 2955 1179 3040 depinnnto
1199 2954 1337 3019 attollam

357 3059 504 3126 orationis
530 3065 662 3152 eloquio.

342 3186 365 3235 1.
401 3188 453 3250 Ap.
475 3188 570 3242 Plane.
592 3192 724 3257 Fulgent.
748 3192 776 3242 in
794 3188 923 3255 Exponit.
944 3192 1070 3239 sermon.
1093 3184 1203 3249 Antipu.
1228 3199 1257 3248 p.
1279 3187 1338 3251 liii,

274 3268 314 3318 12.
326 3272 369 3321 el.
386 3275 475 3325 Mero.
495 3290 521 3326 v.
541 3275 612 3337 Quid
630 3276 686 3328 sint
700 3288 840 3327 semones.
876 3278 1011 3325 semones
1027 3271 1083 3325 dici
1099 3271 1338 3334 volueruntleos‚

273 3366 344 3416 quos
362 3370 415 3408 nec
436 3362 516 3411 cneio
537 3360 638 3425 dignos
656 3362 850 3413 adscriberent
868 3361 902 3410 oh
920 3357 1011 3408 meriti
1028 3356 1235 3419 paupertatem,
1265 3352 1339 3404 sicut

273 3440 339 3486 sunt
356 3439 488 3509 Priapus,
507 3447 619 3511 Epona,
637 3447 820 3508 vertumnus,
839 3456 892 3493 nee
910 3445 1040 3493 terrenos
1058 3452 1110 3489 eos
1129 3440 1264 3501 ‹leputnre
1279 3438 1340 3487 vel-

272 3520 332 3571 lent
352 3534 402 3583 pro
423 3528 533 3589 gratiae
556 3528 748 3580 veneratione.
775 3557 803 3567 —
828 3528 987 3593 aspernato
1009 3526 1111 3575 labent
1129 3522 1198 3574 Col.
1219 3522 1288 3572 Gal.
1305 3520 1340 3585 ii,

275 3604 379 3656 Coliat.
397 3609 528 3661 Vulcanii
548 3611 578 3661 in
597 3611 662 3661 edit.
684 3612 788 3664 Isidori
811 3612 896 3663 liosil.
918 3610 1010 3675 istu,
1043 3611 1072 3659 et
1092 3610 1182 3657 llere.
1217 3606 1340 3672 pennam

275 3687 313 3755 cj.
330 3691 406 3757 lum,
424 3694 496 3757 quod
514 3707 570 3745 non
590 3710 660 3759 opus
679 3701 749 3750 ernt.
783 3697 908 3748 Foroell.
925 3700 954 3746 et
968 3694 1091 3746 Freunl.
1107 3692 1137 3743 in
1155 3692 1212 3741 lex.
1230 3691 1280 3740 int.
1298 3694 1342 3739 tn-

275 3779 357 3828 entur
379 3778 538 3843 deperrnoto
561 3784 589 3831 et
617 3786 695 3835 recte
720 3781 863 3844 explicent
889 3780 1009 3846 „pinnas
1034 3791 1086 3830 ssu
1115 3776 1177 3826 ains
1208 3770 1341 3824 lnbens“.

276 3863 423 3913 orationis
444 3866 580 3919 anoliam
598 3868 632 3918 ri.
656 3867 796 3919 manrenb.
837 3866 968 3930 alloquio
990 3864 1126 3927 praebent
1145 3858 1249 3910 Ooilut.
1272 3859 1343 3907 ilon-

276 3959 353 4011 gers.
372 3950 405 3998 ed
422 3962 508 4015 murg-
528 3953 570 4002 el.
589 3955 675 4019 ven,
695 3953 724 4001 et
742 3952 811 3999 Mss.
830 3948 988 3999 stavereni.
