2934 4750
286 269 350 332 lffi
623 285 656 326 1.
678 285 834 330 reanum
855 284 1014 330 ιιιιιιιι

284 452 323 519 cj.
343 453 489 515 floriaci-3
518 452 581 504 siue
599 449 683 517 juste
702 465 801 504 οιιιι.
844 453 888 504 cl.
908 453 999 504 Lucil.
1018 459 1079 506 snt.
1102 457 1185 520 viil,
1209 458 1245 508 tr.
1265 459 1308 508 lt.
1326 476 1350 522 p.

284 539 344 590 iil.
379 538 424 588 eri.
441 537 563 588 llaverk.
581 542 640 600 (ap.
658 539 730 588 Nou.
745 553 773 602 p.
788 538 850 604 428,
863 538 906 588 te.
921 540 1092 607 laudem),
1113 543 1186 604 tuot
1201 541 1269 594 aliis
1283 557 1351 596 eou-

285 622 453 675 stltuerlura
475 619 614 685 relinquo.

740 759 893 769 ———

577 894 708 976 lxvii..
727 893 825 945 ΠΕΡΙ
845 894 1054 947 ΑΙΡΕΣΕΩΝ.

350 1002 581 1060 Philoropuicarum
602 1008 728 1050 sectarum
751 993 844 1059 placitu
859 1006 1037 1060 perstrinxisse
1054 1009 1191 1056 varronem
1207 1009 1258 1054 iioc
1280 1009 1348 1067 liire,
1456 990 1457 993 ¹

283 1077 307 1120 et
324 1073 452 1127 inscriptio
472 1077 497 1116 ei
514 1074 556 1116 vel
572 1072 630 1127 lpse
646 1073 708 1118 relic
727 1074 898 1120 varrouime
912 1075 1050 1121 verisinile
1066 1076 1132 1122 iacit.
1149 1099 1184 1110 -
1202 1081 1289 1131 Nepae
1305 1081 1349 1124 ais

284 1154 311 1188 re
329 1143 426 1188 vitietur
443 1150 568 1196 opponere
586 1140 628 1186 irie
645 1144 724 1188 verce
735 1143 857 1189 Varronis
871 1155 887 1188 e
904 1143 968 1188 lior·
986 1139 1028 1189 De
1042 1139 1213 1206 Philosophia
1230 1146 1307 1192 οὶιιιι
1319 1149 1350 1192 ai

282 1209 470 1264 Augustusne
487 1209 542 1255 ctu.
561 1208 609 1253 liei
626 1211 689 1268 xlx,
708 1208 739 1254 l:
762 1214 813 1268 „il
829 1213 909 1257 i'arre
926 1218 976 1256 ιιι
993 1209 1093 1260 naiton
1108 1215 1251 1267 tonatim
1268 1215 1350 1260 uarie·

283 1283 359 1325 talem
376 1277 505 1333 diiigenter
519 1283 543 1321 ei
560 1277 682 1324 subtiliter
697 1283 824 1324 scrutatus
837 1280 952 1338 nisenii,
969 1286 995 1325 ut
1012 1283 1044 1326 uti
1058 1282 1240 1328 ccuxxxvln
1257 1287 1349 1341 secius

283 1358 333 1392 nou
352 1357 417 1401 cuae
432 1346 486 1401 ium
504 1350 605 1404 esseut,
631 1347 677 1392 aeri
694 1357 759 1401 qaae
779 1359 840 1394 esse
858 1353 977 1408 possent,
1001 1350 1123 1396 mutiens
1141 1351 1264 1405 questum
1280 1351 1350 1396 titie-

283 1415 376 1462 reuiias
392 1414 510 1462 facillime
527 1409 694 1470 perventuri

275 1559 279 1564 -
307 1516 333 1579 l.
367 1514 466 1579 Porro
488 1512 561 1578 inde
580 1511 619 1578 ab
639 1533 831 1598 unoquoquo
853 1515 989 1600 compito
1009 1523 1116 1582 ternuc
1141 1515 1208 1581 vioe
1232 1516 1349 1582 oriun-

366 1631 434 1702 tur,
469 1644 486 1687 e
515 1615 630 1710 qiuiius
656 1622 796 1708 singulae
822 1623 941 1690 exitum
964 1645 999 1690 uc
1022 1638 1102 1702 τὲιος
1115 1625 1241 1696 ,hebeni
1267 1647 1348 1712 pro,-

367 1733 479 1818 prium.
522 1737 551 1800 Α
570 1731 671 1819 primo
693 1733 829 1820 compito
848 1733 1015 1800 dextimom
1039 1734 1120 1800 vium
1143 1736 1244 1802 munit
1264 1737 1347 1822 Epi-

367 1853 469 1909 cilius.

301 1953 331 2018 2.
365 1952 474 2039 Neque
494 1952 527 2018 iu
548 1953 675 2040 pulvere
698 1953 834 2043 mythico
853 1973 984 2042 coquam
1006 1948 1127 2033 carues,
1154 1956 1270 2041 quibus
1291 1977 1348 2022 se-

358 2064 473 2130 vtuilom
492 2085 622 2151 corpora
643 2085 678 2130 eo
695 2064 808 2130 semem
826 2064 952 2131 uentris.

301 2173 330 2239 3.
365 2174 445 2268 Tuur
474 2173 680 2254 coutrcmulu,
716 2175 874 2260 aquilonio
895 2174 978 2261 opud
1004 2175 1064 2239 uita
1084 2173 1172 2239 litora
1199 2173 1293 2240 oriris
1313 2197 1349 2242 ac

365 2285 477 2351 nobilis
498 2285 642 2352 omnibus
664 2285 792 2351 roluocs·

348 2409 374 2460 1.
408 2414 461 2475 Ap.
477 2413 548 2463 Nou.
567 2426 593 2475 p.
612 2410 660 2475 ot,
694 2410 738 2460 tt.
764 2425 790 2461 v.
813 2410 943 2461 liextIme
959 2424 1011 2473 pro
1027 2410 1143 2472 ‹lextra3
1176 2414 1205 2461 et
1226 2412 1351 2474 epl’ri-

279 2495 369 2547 solon.
387 2496 443 2562 ili,
467 2496 498 2562 4,
521 2510 547 2559 p.
567 2496 626 2545 120.
644 2494 688 2545 eti.
706 2494 756 2545 Kr.
774 2521 809 2535 -
838 2498 879 2548 cd
893 2496 991 2548 coelos
1010 2483 1092 2563 lica,
1124 2498 1197 2559 quod
1215 2498 1350 2559 praebent

278 2580 363 2631 Nouii
380 2581 483 2646 codd„
501 2580 641 2632 Prisciani
661 2579 730 2631 Coti.
748 2582 866 2646 Drcscl„
883 2582 946 2635 edd.
961 2582 1062 2631 venet.
1080 2580 1096 2630 1
1113 2583 1142 2629 ct
1160 2580 1196 2643 2.,
1212 2582 1349 2642 probante

278 2664 408 2731 Krehlio,
424 2666 547 2729 ineptum
565 2668 631 2729 est3'
644 2669 673 2715 et
692 2665 799 2729 Giton„
816 2665 910 2730 Lips„
928 2666 1068 2716 Laureolo.
1074 2701 1085 2735 ,
1104 2666 1208 2727 Popula
1226 2670 1255 2716 et
1271 2669 1350 2717 liler-

279 2762 363 2801 cerus
389 2748 450 2815 jour
477 2752 576 2802 dudum
601 2753 790 2814 reposuerunt
814 2753 851 2800 tx
878 2750 941 2800 aliis
967 2750 1171 2813 exemplaribus
1196 2763 1234 2802 oo
1260 2743 1347 2808 τέλος.

279 2834 466 2899 'l'autologlce
489 2836 568 2898 loqui
585 2836 709 2887 Varroni
728 2848 785 2886 nou
808 2834 963 2899 insuetum
1000 2835 1037 2889 ot.
1054 2836 1114 2884 Sat.
1132 2820 1238 2900 Apate.
1255 2836 1289 2885 tr.
1305 2835 1348 2886 2:

277 2918 432 2982 ‚,Numnuru
455 2920 621 2970 caelatus
649 2919 678 2969 iu
700 2932 783 2971 meru
807 2919 907 2969 dextra
926 2921 1052 2983 scyphus
1075 2918 1182 2969 Caelo
1208 2920 1346 2971 delitus

277 3002 365 3051 ortem
382 3003 506 3051 ostentet
523 2997 699 3054 Mentoris?“
721 3032 749 3041 -
769 3004 940 3066 liragmcuio
957 3004 1097 3054 Varronis
1110 3006 1201 3055 iocerr
1219 3006 1347 3056 fortusse
1456 3013 1457 3016 ’

276 3084 396 3149 aliquem
417 3086 561 3151 adspergit
579 3088 729 3152 Augustiu.
743 3090 777 3138 (ie
790 3087 851 3138 clv.
864 3090 899 3139 D.
910 3088 985 3154 xlx,
998 3088 1035 3155 1.,
1051 3089 1140 3152 quiex
1150 3088 1223 3137 libro
1235 3085 1302 3153 ejus
1314 3090 1349 3141 ‹le

276 3170 457 3234 Philosophia
475 3172 544 3222 hoec
561 3170 655 3223 affero:
678 3174 828 3239 „cuatuor
841 3185 907 3224 csse
926 3173 980 3233 (ait
992 3176 1099 3233 Varro)
1113 3172 1258 3237 quaedam,
1274 3186 1347 3237 quoe

277 3256 402 3307 homiues
421 3255 484 3323 sino
502 3256 656 3325 magistro,
688 3259 750 3333 sine
768 3258 826 3309 ullo
846 3256 992 3308 doctrinae
1011 3257 1193 3323 adminiculo,
1209 3258 1287 3328 „sine
1300 3258 1350 3314 iu-

276 3342 384 3393 dustrio
401 3343 446 3393 vel
464 3344 525 3393 erte
542 3343 663 3409 viventii,
682 3355 756 3406 quae
770 3343 862 3394 virtus
879 3343 981 3393 dicitur
995 3346 1024 3393 et
1040 3344 1141 3405 procul
1158 3342 1240 3392 dubio
1259 3342 1349 3392 ulsci-

276 3428 338 3490 tur,
356 3426 433 3476 velut
450 3428 618 3479 naturaliter
635 3430 782 3491 appetunt:
806 3429 855 3477 eut
870 3428 1055 3493 voluptatem,
1074 3439 1128 3490 quia
1145 3427 1349 3478 delectabiliter

275 3511 404 3560 movetur
420 3522 540 3563 senatis:
564 3514 613 3563 out
633 3511 769 3577 qirlotem,
789 3524 844 3574 qua
860 3508 904 3577 fit,
923 3517 954 3563 ut
971 3512 1075 3562 nouam
1093 3512 1250 3562 molestiam
1269 3511 1350 3575 quis-

276 3604 329 3656 que
348 3597 477 3657 corporis
495 3597 627 3659 patietur,
646 3599 694 3647 eut
711 3600 867 3659 utromque,
883 3610 963 3659 quem
980 3600 1073 3646 tamen
1091 3609 1147 3646 uuo
1164 3596 1274 3646 nomios
1293 3610 1349 3646 vo-

274 3678 391 3740 luptutis
413 3681 551 3744 Epicurus
574 3680 710 3743 appellet:
747 3682 796 3729 aut
820 3680 1021 3733 universaliter
1041 3680 1131 3743 prima
1152 3683 1286 3746 naturae,
1318 3681 1350 3731 iu

275 3762 374 3825 quilius
392 3767 422 3815 et
435 3754 507 3817 hoec
525 3769 590 3817 scrut
608 3767 637 3815 et
653 3764 725 3838 eliac
756 3766 802 3815 vel
821 3766 849 3815 iu
867 3778 1005 3831 corpore,
1029 3769 1062 3817 ut
1076 3769 1259 3819 membrorum
1274 3766 1349 3816 iute-

273 3846 380 3915 gritas,
397 3850 426 3899 ci
444 3851 523 3901 solus
542 3842 626 3914 etque
640 3848 818 3901 incolumitas
836 3846 915 3915 ejus:
936 3851 983 3901 vel
1001 3850 1031 3900 iu
1047 3851 1155 3916 animo,
1175 3855 1349 3921 atticotos,

274 3942 345 3994 quiae
363 3934 409 3983 vel
424 3947 513 3996 parve
528 3937 573 3986 vel
590 3946 692 3998 magua
707 3933 735 3983 iu
752 3934 891 3987 homiuum
906 3935 1087 3997 reperiuntur
1102 3935 1234 3999 ingeniis.
1270 3937 1350 3985 llaec

272 4014 360 4079 igitur
380 4020 514 4083 quotuor,
539 4018 567 4068 iu
584 4022 630 4069 est
646 4019 794 4086 voluptas,
818 4020 913 4085 quies,
934 4023 1097 4085 utrumque,
1113 4020 1202 4081 prime
1219 4023 1350 4083 noturus,

272 4099 313 4150 itu
328 4103 394 4151 suot
410 4100 439 4151 tu
458 4092 550 4167 notis,
565 4106 597 4155 ut
615 4104 661 4154 rel
674 4103 775 4171 tutus,
794 4116 874 4169 quero
890 4108 993 4169 posteo
1010 4105 1141 4157 doctrice
1153 4103 1263 4167 issent,
1280 4116 1352 4166 pro-
