2934 4750
278 197 322 257 bd
670 215 773 258 aaron
797 215 952 258 reunion.

279 381 475 464 reperiuntur
493 382 574 446 inter
592 381 651 446 alia
670 403 749 467 quae
768 382 869 447 soluta
884 388 957 446 sunt
972 379 1112 445 oratioue
1127 386 1290 465 concepta:
1308 381 1343 446 de

282 503 449 577 Τρικαράνῳ
462 491 525 576 jam
541 510 634 576 snpra
653 492 684 555 in
704 491 846 576 proximo
864 489 963 574 capite
980 488 1129 562 diximum
1147 496 1179 553 et
1190 504 1343 571 Κυνίστωρ,

280 610 451 683 Κανορήιωρ
471 606 564 686 atque
580 611 858 670 Κυνοδιδασκαιικὸν
874 598 960 684 cujus
978 598 1099 684 generis
1121 598 1182 662 sint
1202 599 1251 663 rel
1272 598 1345 684 ipsis

280 704 435 772 vocabulis
455 709 658 794 significatum
678 729 746 773 esse
766 707 926 790 intelliges,
945 727 1042 792 quum
1062 707 1238 772 memineris
1258 708 1345 773 var-

280 833 389 879 ronem
412 817 518 904 Gym'ci
535 819 629 884 libros
650 819 682 883 in
704 816 822 884 Saturis
843 816 1030 881 aemulatum
1051 837 1134 894 csse,
1155 815 1238 881 unda
1256 816 1346 881 scili-

280 930 329 987 cct
355 923 421 990 lieri
445 948 508 993 non
532 928 683 1014 potuisse,
715 926 791 1012 quin
815 925 947 990 multum
972 925 1004 988 in
1027 924 1074 989 bis
1103 924 1188 989 libris
1215 945 1286 990 cum
1311 946 1345 989 ea

281 1039 362 1098 secta
380 1033 438 1100 sibi
457 1037 615 1122 negotium
636 1034 756 1101 laceret.

365 1142 506 1210 Alterum
527 1145 734 1231 inscriptionis
754 1143 911 1221 indicium,
932 1164 970 1208 er
991 1147 1054 1227 quo
1073 1142 1254 1208 Saturarum
1277 1142 1346 1208 libri

280 1261 502 1334 agnoscuntur,
534 1254 627 1340 idque
649 1253 853 1319 certissimum
874 1260 935 1329 est,
965 1252 991 1317 si
1012 1250 1174 1337 proverbia
1196 1259 1269 1318 sunt
1290 1251 1347 1316 in-

279 1358 405 1444 scripta:
431 1362 518 1450 cujus
541 1364 662 1449 generis
679 1362 819 1448 exempla
840 1381 932 1446 supra
957 1358 1122 1426 babuimus
1136 1368 1230 1437 ”Attae
1254 1367 1348 1437 οὗτος

278 1473 432 1553 Ἡρακλῆς,
452 1485 503 1549 Δὶς
524 1489 629 1548 Παῖδες
649 1486 685 1542 Ol
705 1485 853 1554 Γέροατες,
876 1482 916 1538 Τὸ
935 1477 997 1537 Ἐπὶ
1018 1485 1060 1553 Τῇ
1078 1484 1157 1552 Φακῇ
1177 1479 1295 1551 Μόρον,
1317 1476 1348 1532 et

280 1573 387 1640 Nescis
410 1575 495 1654 Quid
517 1580 636 1665 Vesper
661 1577 755 1644 Serus
777 1577 886 1643 Vcbat
930 1576 1024 1656 Quod
1049 1577 1174 1663 quidem
1202 1575 1346 1642 indicium

281 1683 376 1747 secuti
394 1683 511 1752 Saturis
527 1687 716 1753 vindicamus
738 1685 795 1752 bos
817 1685 993 1772 quindecim
1013 1686 1118 1766 libros,
1137 1705 1245 1750 omnes
1267 1685 1347 1772 apud

280 1789 428 1871 Nonium,
449 1795 503 1881 qui
522 1795 592 1861 inde
612 1795 782 1882 fragmenta
800 1796 941 1872 servavit,
957 1802 1156 1860 memoratos:
1180 1794 1348 1876 1)Ἀμμον

282 1916 319 1967 M
322 1919 442 1983 sepeio,
462 1909 536 1987 [περὶ
555 1912 765 1991 Φιλαργαρίας].
802 1906 838 1982 2)
858 1905 933 1971 Cave
951 1905 1066 1971 Canem.
1109 1903 1144 1980 3)
1162 1902 1235 1966 Crat
1255 1902 1348 1968 (hdo

281 2007 381 2074 Hodie
400 2011 491 2078 llb'bit
534 2015 570 2091 4)
590 2017 646 2080 Est
661 2016 770 2083 Modus
790 2015 936 2089 Menoe,
961 2019 1036 2096 [περὶ
1055 2017 1180 2097 maeel·
1221 2010 1257 2086 5)
1286 2020 1348 2080 Ed·
1462 2049 1464 2082 t

282 2147 339 2196 pan
362 2126 397 2185 ‘H
418 2132 536 2198 Δόπας
563 2135 606 2192 Tb
633 2140 751 2206 Παῖμα,
776 2130 850 2205 [περὶ
876 2128 1098 2206 Γεγαμηαότωα].
1141 2120 1273 2203 6)”Εχω
1295 2135 1347 2199 Σε,
1463 2207 1464 2212 1

284 2227 364 2306 [Mol
379 2234 493 2311 Titus]-
537 2231 571 2309 7)
586 2241 671 2308 Ἕως
691 2245 797 2314 Πότε,
820 2239 894 2314 [περὶ
910 2237 1023 2314 Ὡρῶν].
1067 2229 1102 2307 8)
1124 2244 1245 2298 Γνῶθι
1264 2244 1347 2296 Σαα·
1463 2221 1464 2271 l

282 2347 350 2404 aar.
391 2335 427 2415 e)
448 2338 531 2405 ram
552 2341 626 2407 lou
646 2341 736 2419 ome
761 2341 828 2405 ret.
873 2339 928 2415 ro)
951 2339 1053 2427 coep
1074 2340 1166 2425 rupe
1187 2337 1252 2416 Qut
1271 2335 1348 2405 suos

282 2442 380 2530 Fufii·
411 2447 465 2526 ll)
482 2449 622 2518 Mutuum
637 2449 719 2516 Muli
734 2450 876 2526 scabunt,
898 2455 972 2531 [cepi
986 2453 1157 2531 metopor‘rJ·
1186 2447 1348 2523 ¹2)'Ovot
1463 2433 1465 2437 r

283 2562 407 2636 Δύρας.
457 2557 511 2638 13)
541 2558 678 2625 Pramus
705 2562 844 2626 Paratus.
901 2557 956 2633 14)
985 2557 1082 2623 Sardi
1114 2558 1240 2622 Venales.
1296 2556 1348 2633 15)

287 2674 355 2727 Τοῦ
375 2677 517 2747 Πατρός
538 2680 581 2735 Τὸ
600 2682 764 2746 Παιδίον,
786 2674 861 2750 [περὶ
878 2673 1092 2745 Παιδοπαιΐας].
1123 2667 1165 2731 El
1183 2664 1233 2731 his
1253 2672 1349 2750 pole-

285 2772 354 2829 rant
375 2767 596 2857 multoplures
616 2775 791 2851 libriaddi,
817 2776 870 2839 sed
889 2796 1022 2861 quorum
1045 2776 1077 2839 in
1099 2773 1349 2859 inscriptionibus

284 2875 483 2957 proverbialis
509 2881 556 2946 vis
585 2886 677 2968 paulo
706 2884 865 2949 obscurior
892 2885 1056 2970 conspicua
1078 2892 1133 2949 est
1176 2883 1249 2962 Quo
1272 2903 1350 2969 per—

285 2981 386 3049 tinent
404 2986 622 3076 Endpme‘occs,
647 2995 810 3059 Armorum
829 2994 999 3071 Judicr'um,
1021 2994 1208 3069 mutum,
1227 3012 1351 3076 Γερον-

285 3106 557 3183 τοδιδάσκαλος,
575 3101 679 3187 Bojoe,
701 3104 847 3190 Mupcum
868 3102 1030 3179 Talentum,
1051 3102 1202 3189 Melecpri,
1229 3101 1352 3185 Virprdc

284 3202 414 3285 Debioo,
441 3207 527 3276 aliae.
569 3211 710 3299 Namque
733 3212 758 3278 si
781 3212 866 3277 verbi
886 3231 977 3277 causa
997 3211 1130 3297 aliquem
1156 3210 1287 3275 dicimus
1310 3221 1352 3293 yt-

286 3345 372 3393 ροπα
389 3331 547 3400 διδάσκειν,
574 3342 671 3406 quum
694 3329 828 3399 constet,
856 3340 945 3385 senes
966 3319 1091 3385 eruditu
1117 3317 1254 3385 difficiles
1276 3337 1352 3393 esse,

286 3423 446 3489 commode
471 3448 538 3491 eam
566 3428 753 3493 locutionem
778 3448 964 3515 usurpamus
990 3428 1028 3493 de
1054 3450 1107 3508 eo,
1138 3427 1191 3514 qui
1216 3425 1352 3491 laborem

286 3546 409 3610 gravem
431 3552 467 3597 ao
487 3533 550 3600 lare
571 3535 712 3601 inutilem
734 3538 875 3623 suscipit:
900 3537 990 3615 item,
1018 3538 1043 3603 si
1062 3536 1289 3622 Endymionem
1305 3534 1352 3600 vel

286 3636 478 3705 Andabatam
496 3643 630 3730 aliquem
653 3667 753 3725 vocas,
772 3646 869 3711 altero
886 3645 1035 3712 vocabulo
1056 3643 1241 3732 proverbiali
1262 3663 1354 3708 sensu

287 3752 375 3811 notas
410 3746 566 3819 bominem
596 3754 838 3821 somniculosum
872 3762 1085 3841 perpetuoque
1120 3753 1214 3820 veluti
1245 3771 1353 3838 sopore

286 3871 436 3939 pressum,
455 3859 551 3927 altero
573 3861 730 3929 bominem
752 3863 848 3928 caecis
869 3864 958 3949 quasi
978 3861 1080 3929 oculis
1099 3872 1132 3928 et
1152 3862 1265 3928 frustra
1287 3859 1354 3925 cir-

287 3983 356 4029 cum
385 3987 451 4033 sese
481 3969 704 4055 digladiantem.
749 3971 871 4050 Quibus
894 3992 965 4037 oum
987 3972 1136 4058 exemplis
1162 3993 1224 4036 non
1253 3971 1355 4054 inepte
