2934 4750
297 286 342 350 82
682 299 785 344 eaeor
810 300 974 358 ρωποι.

298 471 373 557 ligio
385 475 451 548 ²³),
472 467 557 534 nulla
576 466 772 532 comitiorum
792 466 924 552 dignitas
945 472 1009 546 ²⁴),
1031 465 1114 532 nulla
1135 465 1270 553 denique
1293 469 1362 534 loe-

298 581 408 648 derum
435 577 510 644 fides
538 584 593 644 aut
619 576 763 643 sanctitas
787 583 852 656 Μ).
895 576 1003 642 Altero
1027 576 1115 664 quasi
1142 577 1261 644 Lucilio
1288 597 1361 666 opus

298 697 381 769 erat,
413 689 467 776 qui
493 688 600 754 stricto
621 687 717 754 veluti
742 707 815 752 ense
838 687 988 773 populum
1007 686 1172 754 dissonaret
1193 694 1225 754 et
1246 689 1360 765 urbem,

299 799 426 867 cuilibet
447 798 553 884 generi
576 796 768 884 corruptelae
794 804 959 883 patentem.
1002 799 1045 864 Et
1068 805 1188 878 tamem
1216 807 1361 865 anastas
1420 883 1421 886 Ἴ

299 909 422 976 tulisset
444 929 532 987 eum,
560 907 696 974 dubitari
723 913 842 994 potest,
875 907 900 972 si
927 915 1121 993 reputemus,
1151 930 1214 974 non
1240 910 1360 997 quaene

299 1019 428 1086 onlnem
446 1016 529 1084 serto
547 1039 604 1083 nec
622 1017 732 1104 quovis
752 1023 891 1103 tempore
912 1037 1003 1104 posse
1024 1018 1133 1086 sanari.

385 1127 491 1207 Quare
517 1128 622 1193 nescio
647 1126 727 1205 iere,
755 1147 795 1192 an
821 1127 927 1192 mitius
948 1128 1096 1194 Varronis
1119 1127 1248 1194 Saturae
1268 1147 1359 1213 genus

244 1314 247 1318 A
300 1238 345 1302 illi
365 1257 441 1303 aevo
460 1238 560 1304 mrrlto
581 1235 807 1303 accomodatius
825 1235 918 1302 fuisse
938 1236 1046 1315 dicam,
1069 1238 1183 1324 quippe
1206 1236 1290 1324 quod
1311 1256 1360 1324 per

299 1346 381 1412 lenia
400 1346 613 1434 philosophiae
633 1346 771 1412 lementa
792 1347 824 1410 in
843 1354 929 1412 tanta
950 1355 982 1412 et
999 1347 1155 1413 communi
1175 1367 1297 1413 morum
1315 1347 1360 1411 lue

298 1456 450 1525 medelam
471 1457 590 1522 adierre
609 1457 752 1533 malebat,
772 1462 812 1533 et,
833 1455 997 1523 acerbioris
1016 1456 1160 1544 vituperii
1178 1455 1229 1522 ria
1251 1457 1359 1531 relicta,

298 1565 359 1632 boo
380 1567 483 1653 potins
501 1566 653 1643 studebat,
673 1573 710 1630 ut
729 1565 912 1632 cruditionis
931 1587 1098 1654 rerumque
1116 1567 1358 1653 gravissimarum
1455 1599 1456 1642 3

298 1675 484 1759 cognitionis
509 1673 660 1741 beneficio
684 1675 798 1741 civium
821 1676 940 1742 animos
968 1684 1000 1742 et
1025 1684 1184 1742 mentesa
1208 1676 1309 1762 pravis
1331 1681 1358 1740 et

299 1785 466 1870 perversis,
498 1783 612 1869 quibus
632 1792 730 1850 semet
749 1785 952 1866 tradiderant,
984 1786 1092 1852 studiis
1113 1794 1255 1853 avocaret
1273 1783 1359 1851 simul

298 1899 331 1957 et
355 1891 540 1958 emendaret
582 1894 797 1961 Eruditionem
824 1897 908 1975 enim
932 1904 964 1962 et
987 1917 1109 1962 morum
1133 1904 1164 1961 et
1188 1902 1359 1980 tempomm
1455 1959 1456 1988 ,

298 2001 421 2068 unicam
446 2003 684 2070 emendatricem
714 2027 783 2072 esse
808 2008 908 2072 Varro
936 2007 962 2072 si
986 2005 1055 2093 quis
1080 2005 1156 2072 alius
1180 2023 1359 2090 persuasum

298 2111 421 2191 babuit,
453 2119 486 2178 et
505 2113 545 2179 ab
567 2113 626 2179 boc
645 2114 774 2181 consilio
796 2138 862 2182 sese
885 2117 917 2182 in
938 2115 1113 2202 Menippeis
1134 2135 1258 2200 quoque
1280 2135 1359 2179 con-

297 2221 467 2288 scribendis
489 2244 556 2289 esse
577 2223 749 2310 proiectum
769 2225 853 2292 varia
872 2226 991 2292 ratione
1013 2225 1161 2313 probavit.
1204 2223 1278 2303 Quo
1297 2221 1358 2308 ejus
1455 2267 1456 2292 r

298 2331 439 2418 inprimis
463 2319 599 2420 pertinet
624 2334 776 2416 studium,
804 2357 867 2423 quo
887 2357 981 2405 ranas
1000 2337 1048 2404 sui
1066 2336 1132 2403 aevi
1152 2343 1185 2402 et
1206 2332 1358 2421 supersti-

296 2443 391 2508 tiosas
402 2443 441 2509 de
458 2446 551 2510 rebus
564 2444 676 2511 divinis
693 2446 856 2531 opiniones
874 2446 1003 2525 lacessit,
1015 2447 1287 2535 praestigiosorum
1298 2464 1357 2530 pe·
1455 2448 1456 2523 j

296 2553 552 2640 regrinorumque
572 2556 712 2622 cultuum
732 2557 811 2623 acris
829 2557 947 2645 ubique
965 2564 1160 2646 oppugnator
1172 2562 1236 2634 ²⁶).
1266 2554 1357 2634 Qua·-

294 2766 352 2803 non
367 2756 450 2805 modo
468 2757 576 2822 aufert,
600 2760 757 2825 scatebit,
779 2760 836 2811 nisi
854 2754 1004 2813 renenol“
1022 2786 1056 2799 -·
1074 2759 1116 2812 cs.
1135 2772 1206 2825 quae
1229 2759 1356 2809 adnotata

295 2837 361 2884 sunt
376 2837 411 2885 ad
426 2837 476 2886 trr.
493 2842 553 2889 Sat.
567 2841 656 2908 begis
676 2844 820 2894 Maeotae.

364 2919 410 2977 ²⁸)
430 2919 539 2987 Senoa-
564 2924 599 2972 b.
615 2927 657 2975 t:
689 2926 795 2977 Avidus
813 2925 904 2992 jadex
929 2940 1007 2979 reum
1031 2930 1151 2979 ducebat
1174 2940 1242 2979 esse
1266 2922 1356 2978 uocato

293 2991 426 3066 ‘captos‘
452 3003 518 3054 ibid.
532 3006 567 3055 fr.
586 3009 628 3057 a:
658 3010 990 3078 „Quodlegesj1rbent,
1016 3026 1072 3064 non
1094 3014 1218 3064 faciunt:
1245 3006 1295 3071 aaa
1311 3005 1355 3061 tol

294 3073 360 3151 λάβε
379 3086 464 3137 fervit
477 3088 600 3139 animo.“
633 3091 732 3157 Papia
749 3094 866 3162 Papae,
887 3110 916 3147 π.
932 3091 1092 3161 ’Maeonios
1108 3098 1142 3147 ir.
1161 3100 1200 3147 t:
1221 3098 1356 3163 „Praetor

294 3171 391 3222 vester
412 3170 516 3234 eripuit
538 3174 603 3225 mibi
626 3178 782 3238 pecuniam.
816 3182 858 3231 Do
878 3194 913 3231 ea
931 3186 1059 3245 questann
1075 3183 1111 3233 ad
1132 3195 1231 3233 annum
1250 3181 1355 3231 veniam

293 3255 328 3305 ad
347 3268 452 3307 norum
472 3259 679 3328 magistratum,
708 3275 771 3314 cum
794 3264 839 3314 bic
858 3278 928 3328 rapo
951 3268 1073 3317 umbram
1096 3278 1205 3329 quoque
1230 3266 1292 3328 spel
1309 3266 1356 3315 de-

293 3339 458 3392 vorasset.“

362 3422 408 3482 ²⁴)
430 3424 538 3491 Senon.
559 3426 593 3476 fr.
618 3430 660 3478 9.;
689 3431 762 3494 „Ubi
788 3433 842 3483 turn
863 3432 976 3485 comitia
997 3434 1147 3499 habebant,
1175 3433 1215 3484 ibi
1237 3444 1310 3484 nunc
1327 3428 1356 3482 lit

292 3506 467 3557 mercatus.“
906 3504 909 3511 '

361 3586 407 3646 ²⁵)
428 3590 471 3638 Ad
489 3593 562 3641 hone
583 3594 725 3646 materiam
746 3597 904 3660 pertinebat
926 3598 1355 3663 sortassesst.1uantabc1ae,

292 3682 321 3719 sc.
337 3663 504 3736 Ἐπαρχιῶν.
520 3701 555 3713 -
573 3677 702 3730 Btnaorc.
719 3681 828 3732 fr.18.:
845 3683 968 3748 „locius
985 3698 1018 3735 es
1035 3686 1177 3737 hostibus:
1195 3684 1284 3735 sociis
1298 3684 1357 3733 bel·

290 3754 347 3887 ppos
360 3754 402 3805 lta
416 3756 505 3823 geris,
520 3762 550 3810 nt
567 3762 642 3813 bello
656 3765 747 3816 omnis
761 3766 868 3817 domurn
884 3770 1030 3821 auferas.“
1065 3769 1107 3821 (tf.
1124 3766 1216 3835 ejusd.
1234 3772 1293 3820 lat.
1308 3767 1355 3817 trr.

326 3870 334 3887 .
350 3840 380 3888 et
396 3840 439 3890 19.

359 3920 405 3983 ²⁶)
423 3925 504 3984 Quod
522 3928 591 3979 vidit
603 3928 663 3996 jam
679 3932 745 3983 olim
762 3936 796 3985 D.
813 3936 946 3988 Heinsius
963 3936 994 3987 ln
1008 3938 1072 3989 libr.
1090 3938 1113 3987 1.
1131 3938 1166 3988 de
1182 3937 1288 4000 Satyra
1300 3936 1356 3985 llo-

289 4004 401 4058 ratiana
423 4011 492 4068 (Isti.
515 4012 591 4064 rata.
617 4015 674 4077 12.)
698 4032 724 4080 p.
750 4018 801 4069 109
826 4034 884 4083 sap:
912 4023 1030 4086 „Neque
1054 4034 1141 4073 secus
1171 4016 1357 4084 antiqmsstni

289 4091 515 4159 sanctisslnaique
525 4097 625 4150 Patres
634 4100 770 4154 furiosum
783 4103 920 4159 idolorum
933 4107 1037 4159 cultum
1051 4109 1264 4171 oppugnarunt:
1275 4103 1357 4155 etlam
