2934 4750
278 328 318 370 ΒΕ
342 327 468 371 GBHM
492 326 639 373 ΙΔῙΰΙΑΕ
661 328 845 374 nusum!
867 328 1036 375 vauoms.
1154 313 1198 376 α

128 489 237 556 Similis
272 493 358 560 loeus
392 501 442 560 est
476 494 508 558 in
545 493 680 580 dialogo,
723 495 777 581 qui
816 492 996 562 inscribitur
1029 507 1196 582 Ἆιιιοςῆ

125 608 382 685 Ἀιιριιοιιις,
405 603 438 668 in
460 622 524 689 quc
544 602 719 688 philosophi
743 603 982 672 introducuntur
1001 623 1117 690 poenas
1137 604 1195 672 iu-

121 707 220 793 juriae
245 708 348 776 illatae
369 731 388 776 a
408 711 546 778 Lucieno
567 711 733 796 expetituri
755 718 787 776 et
804 712 961 799 Diogenes
981 733 1106 782 cauom
1129 735 1194 780 eo-

123 837 192 882 rum
213 837 414 905 persequens.
429 826 501 907 post
525 820 622 886 multa
643 819 702 886 alia
725 820 855 887 crimine
873 830 982 889 eontra
1001 823 1089 891 illum
1111 843 1194 910 pm-

123 925 181 992 lota
204 925 236 1000 in
258 926 320 993 fine
342 928 418 996 huet
442 929 540 997 addit:
564 942 631 1014 ‚pul
650 940 682 998 sd
704 942 821 1000 πάντων
838 943 1017 1015 δεινότατον,
1040 942 1194 1002 tea-eutem

86 1095 88 1102 ,
121 1033 212 1087 ιιοιῶν
228 1031 276 1088 καὶ
293 1028 350 1090 sind
371 1035 405 1091 vd
425 1033 480 1092 ὀὀν
497 1030 602 1105 ὄνομα,
626 1027 650 1090 oi
668 1036 839 1106 Φιλοσοφία,
861 1033 1029 1106 ὑποδύεται,
1047 1037 1096 1092 scol
1110 1033 1192 1094 aizel·

15 1117 18 1126 ’
122 1121 183 1178 ode
201 1122 254 1179 τὸν
271 1124 410 1194 Διάλογον
428 1120 564 1198 ἡμέτερον
586 1124 697 1196 οἰκέτην
715 1120 799 1196 ὄντα,
824 1126 915 1201 τούτῳ
939 1131 1127 1202 ξνναγωνιοτῇ
1145 1130 1193 1186 καὶ

120 1209 259 1288 ὑποκριτῇ
284 1219 387 1288 χρῆται
414 1213 575 1288 καθ’ἡμῶν·
612 1215 663 1271 ἔτι
696 1217 755 1271 sul
783 1216 970 1273 Μένιππον
999 1216 1193 1282 ἀναπείσας

120 1303 264 1378 ἑταῖρον
288 1303 387 1378 ἡμῶν
415 1304 531 1378 ἄνδρα
552 1309 803 1382 ξνγιιῳμωδιῖν
825 1302 917 1381 αὐτῷ
937 1306 978 1363 τὰ
1002 1309 1130 1376 πολλοὶ,
1160 1305 1193 1373 ὅς

118 1395 206 1465 μόνος
233 1393 268 1454 ori
292 1396 441 1469 πάρεστιν,
469 1397 536 1455 oaldi
557 1403 715 1469 καθηγορεῖ
732 1394 797 1469 μεθ’
815 1393 909 1468 ἡμῶν,
937 1397 1062 1469 προδοὺς
1083 1399 1118 1455 ed
1136 1419 1194 1454 ιιοι-

119 1500 198 1562 νόν.“
217 1512 281 1572 ¹⁸J:
303 1493 356 1558 ubi
377 1494 543 1578 Diogenes,
564 1499 600 1557 ut
620 1499 703 1556 reete
720 1492 839 1578 judicat
857 1494 921 1579 Ley
942 1494 960 1557 l.
980 1494 998 1558 Ι.
1018 1515 1048 1579 p.
1065 1494 1109 1573 7.,
1130 1515 1192 1559 non

117 1600 203 1684 quod
227 1600 381 1666 Lucienus
399 1601 584 1689 Menippum
613 1600 790 1687 loquentem
815 1600 937 1668 lecisset
959 1623 1102 1668 accusare
1126 1623 1191 1689 po-

116 1714 209 1785 teret,
230 1729 326 1794 quum
345 1710 371 1774 is
391 1730 516 1797 quoque
538 1710 651 1796 aliique
671 1718 863 1777 accusatores
881 1711 990 1776 eodem
1012 1711 1106 1777 ιοοάο
1127 1732 1191 1799 quo

115 1817 287 1902 Menippus
301 1818 487 1885 inducentur
502 1821 678 1906 loquentes,
701 1820 755 1885 sed
774 1819 888 1907 scripta
903 1840 1068 1907 moresque
1084 1822 1189 1906 signi-

116 1926 189 1991 ficat
209 1927 381 1994 Lucienum
403 1929 435 1994 in
457 1928 649 2016 philosophis
674 1929 849 1996 deridendis
874 1930 1028 1996 imitatum
1048 1951 1125 1996 esse.
1146 1967 1188 1978 -

116 2035 250 2102 Videtur
266 2044 368 2104 autam
390 2039 544 2106 Lucienus
564 2059 628 2104 non
649 2039 740 2106 aliter
758 2037 822 2104 lere
840 2039 939 2105 teritus
961 2060 1030 2105 esse
1047 2039 1189 2127 hlenippi

116 2151 235 2230 portes,
267 2169 360 2235 quam
387 2147 520 2214 Socratis
548 2156 622 2214 sunt
645 2147 751 2225 Plato,
776 2147 969 2233 Xenophon,
995 2140 1102 2214 alii'in
1124 2149 1189 2215 suis

116 2253 260 2340 dialogis;
279 2257 333 2342 qui
351 2257 466 2323 scilieet
483 2278 546 2322 non
563 2255 664 2322 solum
682 2255 759 2321 illud
776 2256 950 2335 studebant,
966 2264 1003 2322 ut
1018 2256 1188 2322 doctrinam

116 2384 151 2429 ae
171 2363 294 2430 virtutis
312 2373 491 2452 praecepte,
519 2387 598 2452 quae
615 2364 662 2431 vir
682 2364 901 2450 integerrimus
921 2363 1045 2429 tradere
1062 2363 1189 2443 solebat,

47 2460 53 2475 ’
116 2481 265 2560 tanquam
283 2474 322 2541 ab
339 2495 393 2540 ore
410 2473 503 2560 hujus
520 2473 652 2539 delibata
669 2472 781 2537 animis
795 2472 963 2559 legentium
980 2471 1189 2559 propinarent,

115 2583 172 2649 sed
191 2592 229 2650 ut
249 2584 340 2650 simul
363 2590 465 2649 totum
487 2582 574 2647 illum
594 2587 630 2647 ut
646 2602 748 2667 egere,
762 2589 798 2648 ut
819 2582 915 2668 loqui,
934 2590 971 2648 ut
992 2581 1188 2648 sermocinari

114 2713 189 2759 cum
210 2693 330 2769 amicis,
350 2699 387 2757 ut
405 2690 563 2778 disputare
580 2712 651 2758 cum
671 2690 829 2778 discipulis
852 2690 978 2771 solebat,
1001 2710 1188 2778 repraesen—

113 2807 221 2867 tarent
246 2808 278 2865 et
305 2799 400 2867 veluti
426 2801 458 2865 in
486 2800 592 2867 oculos
620 2807 651 2866 et
678 2820 769 2867 eures
797 2801 945 2867 lectorum
974 2800 1188 2887 producerent

114 2909 242 2975 Etenim
270 2908 416 2996 scriptor,
441 2910 496 2997 qui
525 2910 700 2997 exemplum
728 2909 853 2997 aliquod
884 2909 997 2976 imitari
1028 2910 1187 2977 hominis-

116 3040 178 3105 que
199 3018 328 3105 elicujus
350 3019 515 3107 imaginem
541 3041 612 3085 oum
637 3020 742 3107 alique
767 3019 1034 3086 verisimilitudine
1054 3041 1187 3108 reprae-

116 3134 239 3194 sentare
260 3128 379 3207 studet,
400 3129 432 3195 id
455 3127 580 3216 quidem
602 3130 746 3223 observet
767 3149 893 3195 necesse
913 3136 976 3207 est,
996 3135 1033 3194 ut
1052 3136 1187 3194 senten-

115 3236 176 3301 tias
198 3244 285 3323 aptes
313 3245 345 3303 et
368 3237 587 3304 convenientes
615 3235 741 3320 ingenio
764 3236 847 3302 illius
866 3237 914 3300 ori
940 3235 1105 3313 attribuat,
1133 3234 1189 3299 sed

116 3366 215 3432 paene
237 3345 337 3411 multo
360 3344 471 3429 magis,
494 3364 535 3408 ne
557 3343 654 3430 ipsius
676 3344 827 3409 sermonis
845 3343 911 3428 ejus
932 3342 1071 3408 nativum
1094 3340 1187 3406 colo-

116 3474 184 3521 rem
208 3452 357 3539 negligat:
379 3450 464 3540 quod
484 3450 543 3517 nisi
560 3450 681 3530 lecerit,
703 3451 805 3517 omnis
826 3450 958 3517 imitatio
977 3450 1036 3517 erit
1055 3460 1087 3517 et
1107 3473 1186 3518 sau·-

117 3563 211 3648 guino
233 3570 266 3628 et
289 3562 391 3629 nervis
415 3560 549 3648 privata,
577 3582 617 3627 ne
639 3560 754 3639 dicem,
786 3560 879 3627 nulle.
921 3560 1004 3628 llinc
1025 3561 1188 3647 diligenter

118 3671 162 3737 illi
183 3670 346 3738 servabant
366 3678 398 3736 et
419 3669 633 3756 exprimebant
655 3670 789 3737 Socratis
809 3686 967 3756 εἰρωνείαν,
1000 3670 1072 3736 binc
1093 3670 1187 3736 etiem

117 3779 271 3846 Lucienus
291 3778 447 3845 studiosus
467 3778 500 3844 in
518 3780 718 3866 exprimenda
730 3778 890 3866 Menippei
904 3779 1087 3846 characteris
1104 3798 1186 3865 pro—

118 3888 257 3971 prietate,
270 3908 360 3975 quae,
382 3889 407 3953 si
429 3886 505 3973 quid
525 3886 625 3969 rideo,
639 3890 772 3956 maxime
790 3897 856 3956 erat
875 3889 974 3975 posite
995 3888 1028 3953 in
1045 3898 1187 3974 neotnotp

188 4100 234 4157 ¹⁸)
249 4098 367 4151 Luciam
386 4099 492 4151 Pisoot.
508 4098 550 4149 tt.

1011 4170 1032 4234 3
