2934 4750
286 256 326 317 12
688 271 918 318 oouusararro
940 274 980 317 ae

284 443 370 519 riam,
392 439 450 505 nisi
472 437 569 516 lallor,
590 437 745 504 adniteris.
787 439 843 506 llle
865 439 1080 526 Pythagoram,
1102 443 1156 528 qui
1178 442 1295 508 animas
1316 445 1350 508 in
1440 477 1444 483 ·

283 549 495 618 aeternitatem
516 547 633 634 primus
656 548 803 628 asseruit,
828 549 882 617 ille
909 550 1085 628 Platonem,
1112 551 1167 637 qui
1187 550 1261 616 deos
1282 573 1349 618 ease

282 660 448 747 persuasit,
481 658 532 723 ille
553 657 767 735 Aristotelem,
799 658 852 743 qui
874 668 1016 726 naturam
1037 660 1116 725 bene
1144 660 1291 746 loquendi
1316 662 1349 726 in

283 779 379 836 artam
406 766 538 852 redegit,
569 766 621 832 ille
648 787 815 854 pauperem
840 768 969 835 Curium
997 768 1052 834 aad
1073 768 1219 836 divitibus
1241 770 1347 857 impe-

282 888 414 954 rantem,
440 878 493 943 ille
515 896 636 942 severos
658 876 806 955 Catones,
831 886 954 963 gentem
975 879 1118 955 Fabiam,
1142 878 1252 944 decora
1272 879 1347 945 Sci-

281 991 425 1075 pionum,
452 995 614 1071 totumque
637 985 723 1050 illum
746 985 965 1073 triumphalem
986 995 1127 1053 senatum
1148 1007 1239 1072 parca
1259 988 1347 1055 lauda

281 1097 467 1185 perstrinxit
510 1097 558 1161 Tu
575 1095 695 1160 ruinam
713 1094 871 1180 proximae
889 1097 997 1162 aetatis
1016 1097 1197 1164 illuminas.“
1214 1133 1256 1146 -
1275 1098 1346 1164 Non

280 1210 362 1275 enim
384 1205 549 1272 verisimile
568 1212 630 1282 est,
661 1203 785 1269 doctum
807 1211 839 1270 et
861 1204 1016 1271 eruditum
1036 1205 1252 1292 Symmachum
1273 1207 1346 1274 dle—

278 1321 387 1405 nippei
404 1321 608 1400 cognomento
629 1315 800 1380 Varronem
820 1322 1001 1381 ornaturum
1020 1315 1123 1395 luisse,
1143 1316 1169 1381 si
1185 1337 1249 1382 non
1265 1316 1345 1402 ipsas

279 1427 460 1513 Menippeas
485 1444 503 1488 a
527 1423 639 1508 quibus
664 1423 689 1487 is
712 1422 760 1487 ita
784 1423 1017 1507 cognominatus
1042 1433 1102 1503 est,
1136 1425 1286 1510 perlectas
1309 1447 1344 1490 ac

279 1539 358 1603 bene
376 1535 513 1619 cognitas
531 1532 697 1597 habuisset

363 1645 471 1728 Neque
494 1662 561 1708 esse
583 1640 723 1718 arbitror,
745 1641 829 1726 quod
850 1642 1042 1710 Prisciauum
1062 1643 1292 1710 Caesariensem
1314 1653 1345 1709 et

278 1754 408 1822 Atilium
422 1750 678 1817 Fortunatianum
695 1758 839 1836 putemus
862 1753 954 1829 locos,
974 1773 1053 1838 quos
1073 1753 1206 1819 afferunt
1222 1775 1261 1818 ex
1278 1752 1344 1818 Sa-

277 1866 355 1931 turis
366 1860 523 1938 Varronis,
541 1860 672 1926 aliorum
684 1859 961 1926 Grammaticorum
980 1863 1207 1928 commentariis
1222 1862 1343 1928 debere.

277 1975 368 2042 Certe
386 1973 467 2037 inter
487 1992 523 2036 ea
540 1967 717 2054 fragmenta,
738 1990 819 2056 quae
837 1970 1013 2038 Priscianus
1029 1972 1127 2052 affert,
1148 1972 1267 2039 nullum
1286 1982 1343 2049 ast,

276 2083 360 2170 quod
374 2081 455 2168 apud
469 2081 563 2146 alium
575 2079 672 2145 ullum
685 2077 866 2163 scriptorem
884 2080 985 2165 reperi
998 2081 1101 2160 sciara,
1111 2090 1233 2168 praeter
1244 2103 1342 2148 unum

276 2192 442 2260 exsatura
463 2204 533 2272 Περὶ
548 2201 697 2273 Alpinae,
714 2187 799 2273 quod
821 2187 955 2274 primum
978 2197 1026 2256 est
1046 2190 1079 2256 in
1101 2199 1207 2256 nostra
1225 2211 1341 2256 recen-

275 2305 362 2369 sione
382 2302 460 2367 inlra
482 2299 624 2388 subjecta.
656 2300 699 2363 Et
717 2296 832 2363 Atilius
846 2299 1087 2364 Fortunatianus
1104 2299 1246 2366 Saturam
1253 2300 1340 2366 Var-

274 2415 358 2479 ronis
372 2422 648 2483 novumcastellum
661 2409 840 2494 inscriptam
858 2407 986 2475 laudans
1001 2417 1033 2475 et
1045 2396 1176 2475 afferens
1191 2410 1340 2497 quaedam

273 2545 313 2588 ex
330 2544 375 2600 ea,
395 2522 480 2600 haec,
494 2522 633 2608 quamvis
655 2526 759 2585 essent
776 2519 839 2605 jam
857 2527 928 2584 aute
947 2538 966 2584 a
982 2519 1083 2585 Mario
1096 2519 1257 2586 Victorino
1278 2521 1341 2586 ad-

274 2640 393 2709 notata,
415 2640 519 2696 tammr
540 2630 582 2695 ita
599 2631 702 2706 all'ert,
730 2636 768 2694 ut
785 2628 861 2715 quin
882 2628 949 2712 ipso
972 2628 1051 2695 libro
1073 2629 1114 2694 sit
1132 2650 1220 2706 usus,
1242 2629 1340 2696 dubi—

273 2740 358 2810 unci
379 2740 431 2804 vix
452 2742 537 2805 locus
557 2740 606 2804 sit.
648 2738 751 2804 Verba
773 2737 838 2823 ejus
861 2744 935 2802 sunt
962 2736 994 2800 in
1020 2738 1119 2823 capito
1145 2738 1185 2804 de
1209 2739 1340 2823 Priapeo

273 2834 373 2913 metro
393 2868 421 2932 p.
438 2846 532 2912 uolo.
551 2848 598 2911 ed.
619 2846 750 2922 Putscb‚
769 2846 823 2910 ubi
844 2854 1007 2931 postquam
1027 2846 1066 2911 de
1087 2847 1196 2931 qrrima
1214 2847 1340 2913 hendo-

273 2955 415 3041 casyllabi
448 2955 596 3021 divisione
630 2954 789 3030 disseruit,
821 2954 921 3039 pergit
954 2955 1011 3019 ita:
1041 2955 1137 3032 „Nam
1171 2955 1339 3022 secundum

272 3065 406 3151 primum
437 3064 608 3150 spondeum
638 3070 685 3127 est
714 3064 848 3129 insertus
877 3063 950 3128 huic
979 3064 1231 3150 hendecasyllabo
1257 3086 1339 3131 ana·-

271 3183 408 3260 paestus;
424 3175 568 3240 lonicum
589 3172 755 3239 Sotadeum
776 3171 847 3237 lacit
868 3172 927 3237 sic:

475 3285 580 3338 Castae
600 3286 708 3336 dociles
727 3283 854 3335 Pierides
869 3296 970 3334 novem
988 3297 1116 3335 sorores.

270 3376 318 3441 Ex
338 3396 400 3461 quo
421 3398 483 3441 non
507 3383 555 3441 est
576 3374 765 3450 mirandum,
795 3374 879 3459 quod
901 3375 999 3440 Varro
1021 3374 1055 3439 in
1079 3373 1339 3461 Gynodtiloccolico

270 3483 453 3549 Phalaeoion
478 3490 611 3548 metrum
636 3482 780 3548 Jonioum
803 3482 991 3548 Trimetrum
1016 3482 1177 3569 appellat“
1218 3484 1338 3550 Marius

270 3592 394 3678 quidem
418 3592 595 3657 Victorinus
620 3591 657 3656 de
681 3591 791 3656 Matris
820 3612 848 3676 p.
871 3590 957 3655 2440
977 3612 1022 3677 sq.
1047 3591 1094 3655 ed.
1113 3591 1253 3669 Putsch.,
1283 3594 1338 3678 qui

268 3702 350 3766 idem
379 3723 418 3767 ex
443 3703 582 3766 Varrone
617 3701 830 3778 adnotaverat,
864 3698 977 3771 librum
1005 3708 1127 3777 tamem
1164 3701 1247 3767 unde
1273 3701 1338 3765 de-

269 3810 443 3896 sumpserit,
464 3830 526 3874 uon
547 3810 734 3875 indicaverat
749 3814 812 3885 2¹).

336 4000 381 4059 ²¹)
398 4001 428 4050 ln
447 4001 597 4051 versiculis
615 4003 649 4050 de
668 4001 764 4062 quinta
781 4004 854 4049 tome
872 4000 1117 4062 hendecasyllabi:

468 4075 514 4132 „ht
533 4072 640 4128 quietam
658 4071 766 4117 breviter
782 4079 864 4120 remen
880 4074 1022 4125 loquamur:
