2934 4750
302 261 347 322 u
707 269 811 312 csrcr
834 269 969 312 ιιιιυι.

306 453 338 510 et
358 440 419 508 stili
439 436 597 503 dicacitate
620 435 685 512 ills,
713 455 794 520 quae
817 455 873 520 per
889 433 995 519 jocum
1022 432 1102 498 scr‘m
1123 439 1255 498 trutare
1282 435 1367 500 sote-

306 555 359 620 bat
381 555 445 626 ¹⁴).
483 583 522 594 -
548 543 608 610 Sed
637 543 711 610 haec
739 543 904 622 nonem,
939 542 1013 628 (μὶ
1039 540 1079 607 ad
1106 541 1301 627 propositum
1327 553 1370 609 cst

305 656 506 728 redeundum.
701 691 706 702 ·
1259 693 1265 702 ·

390 763 590 834 Meminimus
613 765 714 829 iocum
731 761 827 826 Probi
842 758 962 845 Virgiiii
981 759 1158 845 interpretis
1175 760 1264 826 iiius
1281 781 1369 848 supra

306 877 429 944 anobis
451 875 596 950 adlatam,
617 895 655 937 er
676 893 740 958 quo
759 871 952 958 Mmcppeum
971 870 1144 934 Varrone·
1165 869 1236 934 idco
1256 867 1368 937 dictum

306 988 399 1054 inisse
419 984 590 1059 didicimus,
610 981 693 1067 quod
715 979 883 1066 Menippus
906 999 1032 1064 quoquc
1053 997 1126 1044 suos
1146 978 1241 1043 iibros
1262 982 1367 1045 omni-

306 1118 385 1184 geno
406 1093 541 1158 carmine
558 1090 763 1177 expolivisset
805 1093 851 1154 Ac
875 1108 948 1152 sane
968 1086 1095 1152 inerunt
1115 1107 1179 1151 non
1200 1090 1299 1173 pauci,
1319 1093 1367 1178 qui

305 1207 465 1273 crederent
491 1202 565 1279 hoc,
603 1200 679 1286 quin
709 1198 801 1264 etiam
834 1196 1038 1262 certissimum
1064 1195 1111 1260 rei
1138 1195 1286 1263 indicium
1314 1200 1367 1265 sibi

305 1313 525 1403 persuaderent
548 1308 787 1396 deprehendisse
813 1306 846 1370 in
872 1305 1000 1371 Luciani
1020 1305 1253 1391 Necyomantia,
1286 1308 1367 1394 cujus

305 1426 374 1492 iibri
391 1423 429 1490 ad
442 1436 568 1498 Neistae
578 1418 764 1504 Menippeas
780 1415 984 1482 imitationem
997 1413 1127 1480 tortasse
1140 1417 1303 1502 compositi
1316 1424 1366 1496 ²⁶)

305 1534 393 1600 initio
411 1531 578 1616 Menippus
601 1528 639 1592 ab
662 1526 769 1592 inieris
787 1525 880 1592 modo
902 1523 942 1590 ad
961 1524 1061 1590 iucem
1079 1524 1178 1592 redux
1194 1525 1367 1594 introduci-

304 1651 355 1708 tur
376 1639 471 1705 animi
493 1657 583 1704 sensa
602 1657 666 1701 non
686 1635 775 1700 aliter
799 1655 893 1722 quam
914 1641 1078 1720 poctanrm
1098 1634 1238 1702 versibus
1258 1637 1365 1723 expri.

304 1771 401 1816 mens.
443 1749 534 1814 Hunc
560 1754 665 1812 umen
691 1745 793 1810 locum
822 1743 1001 1810 testimonio
1027 1763 1096 1808 csse
1120 1765 1184 1810 non
1214 1765 1321 1831 posse,
1351 1767 1367 1810 a

304 1858 410 1926 multis
429 1865 536 1942 postea
554 1864 602 1922 est
622 1854 820 1920 intellectum
861 1855 904 1919 Et
925 1861 1009 1918 recte
1027 1852 1094 1918 hoc
1135 1855 1213 1921 Nam
1234 1855 1367 1924 flosculis

304 1967 364 2033 illis
387 1985 443 2031 cur
462 1986 538 2030 usus
561 1965 615 2042 sit,
637 1964 702 2050 ipsc
721 1964 889 2050 Menippus
908 1962 1014 2050 paulic
1030 1971 1101 2048 post
1119 1983 1242 2030 causam
1259 1967 1368 2051 aperit,

302 2074 483 2142 Philonides
505 2074 627 2140 miranti
649 2081 681 2138 et
702 2072 895 2159 percontanti
917 2073 956 2138 de
982 2093 1022 2138 eo
1050 2093 1137 2138 mors
1163 2074 1367 2160 respondens}

301 2182 340 2254 μὴ
359 2179 527 2256 θαυμάσῃς,
555 2174 579 2236 ω’
598 2181 702 2249 ἑταῖρε·
727 2180 827 2236 νεωστὶ
845 2178 899 2250 γὰρ
919 2178 1063 2250 Εὐριπίδῃ
1081 2179 1130 2234 καὶ
1145 2175 1259 2256 Ὁμήρῳ
1276 2199 1368 2252 coppe·

301 2276 433 2347 ρόμενος,
462 2271 513 2330 οὐκ
535 2269 590 2329 οἷδ’
608 2269 685 2336 ὅπως
704 2269 886 2342 ἀνεπλήσθην
906 2272 963 2325 cciv
979 2268 1068 2339 ducis,
1094 2273 1141 2326 sod
1159 2271 1306 2342 αὐτόματά
1322 2293 1368 2343 μοι

301 2385 336 2441 τὰ
352 2385 438 2456 μέτρα
456 2384 501 2439 ἐπὶ
519 2383 551 2440 τὸ
571 2380 661 2452 στόμα
679 2380 794 2450 ἔρχεται,
834 2370 939 2453 Atque
964 2364 1036 2432 hinc
1058 2367 1149 2433 etiam
1169 2367 1367 2437 casaubonus
1416 2401 1420 2409 ·

301 2489 367 2546 crat
391 2476 587 2555 refutandus,
611 2476 678 2563 qui,
700 2483 866 2563 postquam
887 2475 1019 2542 aliorum
1041 2477 1228 2544 inveteratos
1248 2501 1367 2545 errores

300 2612 370 2655 cum
388 2611 509 2655 summo
531 2586 645 2673 ingenii
663 2586 804 2651 acumine
824 2594 1015 2667 correxerat,
1040 2587 1127 2652 noris
1148 2588 1279 2655 subinde
1301 2610 1367 2654 sese

300 2699 401 2782 ipsum
421 2697 570 2783 implicari
592 2716 708 2781 passus,
728 2716 825 2781 quum
843 2696 972 2761 nimium
991 2689 1143 2761 tribueret
1158 2697 1225 2764 istis
1239 2697 1367 2785 Necyo-

299 2804 433 2869 mantiae
451 2804 623 2879 versiculis,
642 2804 814 2869 orationem
833 2805 973 2892 Menippi
993 2813 1127 2893 utroque
1145 2828 1258 2893 genere
1278 2809 1366 2873 mix-

298 2922 362 2977 tam
383 2910 477 2977 inisse
497 2912 682 2977 contendere
699 2933 768 2977 cunr
787 2912 891 2979 Probo
912 2936 972 2980 non
991 2915 1156 2982 dubitarit:
1176 2917 1252 3004 quin
1273 2918 1367 2983 ctiam

298 3020 462 3087 discrimen
486 3021 625 3107 aliquod,
654 3022 737 3107 quod
766 3022 846 3087 inter
866 3024 1006 3110 Menippi
1035 3033 1066 3090 et
1088 3026 1235 3092 Varronis
1258 3026 1368 3112 poesin

298 3130 518 3208 intercesserit,
548 3130 605 3196 sibi
631 3131 814 3217 excogitavit
840 3132 955 3199 scilicet
982 3132 1056 3215 hoc,
1087 3135 1184 3224 quod,
1215 3134 1289 3200 dum
1317 3135 1367 3201 hic

296 3239 529 3327 „pulcherrimis
557 3240 757 3319 carminibus,
786 3263 865 3328 quae
889 3243 954 3328 ipsc
980 3252 1206 3332 composuerat,
1238 3243 1367 3309 Saturus

296 3369 367 3413 suas
385 3351 599 3434 consperserit,
616 3351 667 3416 illc
687 3359 796 3416 contra
816 3374 916 3418 meras
938 3354 1079 3439 parodias
1101 3377 1139 3420 cx
1159 3353 1267 3420 alienis
1285 3374 1365 3420 ver-

362 3638 408 3698 ¹⁴)
429 3636 472 3689 Gt.
490 3638 608 3689 Lucisn·
626 3639 698 3691 Disl.
716 3642 801 3694 Mort.
819 3645 855 3709 X,
873 3646 898 3695 9.
917 3674 951 3685 -

362 3723 408 3782 ὀ)
423 3724 517 3775 Utrum
531 3723 679 3789 genrrtnam
695 3725 734 3776 sit
748 3728 801 3779 noc
816 3742 898 3794 opus,
911 3745 1011 3798 necne,
1024 3733 1069 3785 tic
1082 3734 1178 3798 magni
1194 3746 1251 3785 nou
1263 3732 1365 3785 refert.

293 3803 335 3856 Gt.
352 3807 426 3856 Mos.
444 3808 540 3860 solun.
558 3807 587 3859 in
602 3810 707 3876 adnot,
727 3811 774 3873 qui
795 3810 947 3877 adjudicat.
970 3846 1004 3857 -
1030 3822 1137 3870 suntne
1159 3820 1284 3870 sortasse
1302 3818 1365 3869 Iru-

292 3889 367 3940 ctant
388 3889 544 3956 Epistoloe
566 3892 744 3946 saturnales
767 3910 877 3959 quoque
905 3912 940 3950 cx
966 3902 1121 3953 imitatione
1145 3902 1267 3964 Menippi
1293 3913 1364 3964 pro-

290 3965 404 4025 tectae?
438 3972 522 4025 certe
537 3972 620 4040 hujus
640 3991 727 4040 supra
743 3979 863 4043 legimus
883 3983 947 4034 olim
967 3986 1113 4038 exstitisse
1132 3980 1300 4045 Ἐπιπολὰς
1318 3998 1363 4035 se·

290 4050 484 4123 nopapecpr'vcs
502 4051 560 4109 άπὸ
574 4058 625 4110 rori
641 4060 698 4111 redo
715 4058 793 4113 θεῶν
810 4061 970 4129 προσώπου.
984 4096 1017 4107 -
