<?xml version="1.0" encoding="UTF-8"?>
<!DOCTYPE html PUBLIC "-//W3C//DTD XHTML 1.0 Transitional//EN"
    "http://www.w3.org/TR/xhtml1/DTD/xhtml1-transitional.dtd">
<html xmlns="http://www.w3.org/1999/xhtml" xml:lang="en" lang="en">
 <head>
  <title>
</title>
<meta http-equiv="Content-Type" content="text/html;charset=utf-8" />
  <meta name='ocr-system' content='tesseract 3.04.00' />
  <meta name='ocr-capabilities' content='ocr_page ocr_carea ocr_par ocr_line ocrx_word'/>
</head>
<body>
  <div class='ocr_page' id='page_1' title='image "./mterentiusvarro00oehlgoog/mterentiusvarro00oehlgoog_0080.png"; bbox 0 0 2934 4750; ppageno 0'>
   <div class='ocr_carea' id='block_1_1' title="bbox 280 235 950 298">
    <p class='ocr_par' dir='ltr' id='par_1_1' title="bbox 280 235 950 298">
     <span class='ocr_line' id='line_1_1' title="bbox 280 235 950 298; baseline -0.012 0"><span class='ocrx_word' id='word_1_1' title='bbox 280 235 325 298; x_wconf 63' lang='grc' dir='ltr'>Θ</span> <span class='ocrx_word' id='word_1_2' title='bbox 668 249 773 293; x_wconf 77' lang='lat' dir='ltr'>curor</span> <span class='ocrx_word' id='word_1_3' title='bbox 795 249 950 294; x_wconf 73' lang='lat' dir='ltr'>rearrun.</span> 
     </span>
    </p>
   </div>
   <div class='ocr_carea' id='block_1_2' title="bbox 279 414 1345 1477">
    <p class='ocr_par' dir='ltr' id='par_1_2' title="bbox 280 414 1345 1141">
     <span class='ocr_line' id='line_1_2' title="bbox 282 414 1345 503; baseline -0.004 -17"><span class='ocrx_word' id='word_1_4' title='bbox 282 421 424 495; x_wconf 85' lang='lat' dir='ltr'>tonsoris,</span> <span class='ocrx_word' id='word_1_5' title='bbox 443 437 536 503; x_wconf 65' lang='lat' dir='ltr'>mem</span> <span class='ocrx_word' id='word_1_6' title='bbox 553 417 627 483; x_wconf 90' lang='lat' dir='ltr'>Julii</span> <span class='ocrx_word' id='word_1_7' title='bbox 640 415 780 482; x_wconf 80' lang='lat' dir='ltr'>Caesaris</span> <span class='ocrx_word' id='word_1_8' title='bbox 802 415 943 481; x_wconf 84' lang='lat' dir='ltr'>libertum</span> <span class='ocrx_word' id='word_1_9' title='bbox 965 414 1058 478; x_wconf 81' lang='lat' dir='ltr'>brisce</span> <span class='ocrx_word' id='word_1_10' title='bbox 1079 417 1192 482; x_wconf 85' lang='lat' dir='ltr'>rectius</span> <span class='ocrx_word' id='word_1_11' title='bbox 1213 416 1345 482; x_wconf 88' lang='lat' dir='ltr'>affirmat</span> 
     </span>
     <span class='ocr_line' id='line_1_3' title="bbox 282 522 1342 614; baseline -0.005 -19"><span class='ocrx_word' id='word_1_12' title='bbox 282 529 375 595; x_wconf 88' lang='lat' dir='ltr'>scbol.</span> <span class='ocrx_word' id='word_1_13' title='bbox 391 529 507 614; x_wconf 85' lang='lat' dir='ltr'>Cruqu.</span> <span class='ocrx_word' id='word_1_14' title='bbox 526 526 565 592; x_wconf 90' lang='lat' dir='ltr'>ad</span> <span class='ocrx_word' id='word_1_15' title='bbox 582 527 688 592; x_wconf 82' lang='lat' dir='ltr'>llorat.</span> <span class='ocrx_word' id='word_1_16' title='bbox 704 530 743 589; x_wconf 81' lang='grc' dir='ltr'>Α.</span> <span class='ocrx_word' id='word_1_17' title='bbox 761 525 795 587; x_wconf 89' lang='grc' dir='ltr'>Ρ.</span> <span class='ocrx_word' id='word_1_18' title='bbox 815 547 841 588; x_wconf 85' lang='lat' dir='ltr'>v.</span> <span class='ocrx_word' id='word_1_19' title='bbox 856 522 927 589; x_wconf 79' lang='lat' dir='ltr'>tot.</span> <span class='ocrx_word' id='word_1_20' title='bbox 945 530 1009 600; x_wconf 71' lang='lat'>2⁰),</span> <span class='ocrx_word' id='word_1_21' title='bbox 1031 545 1103 588; x_wconf 89' lang='lat' dir='ltr'>cum</span> <span class='ocrx_word' id='word_1_22' title='bbox 1124 526 1342 611; x_wconf 72' lang='lat' dir='ltr'><strong>epigrammate</strong></span> 
     </span>
     <span class='ocr_line' id='line_1_4' title="bbox 281 631 1343 720; baseline -0.005 -17"><span class='ocrx_word' id='word_1_23' title='bbox 281 640 336 705; x_wconf 94' lang='lat' dir='ltr'>illo</span> <span class='ocrx_word' id='word_1_24' title='bbox 351 637 515 713; x_wconf 80' lang='lat' dir='ltr'>exstiterit,</span> <span class='ocrx_word' id='word_1_25' title='bbox 536 657 576 700; x_wconf 87' lang='lat' dir='ltr'>an</span> <span class='ocrx_word' id='word_1_26' title='bbox 596 634 655 700; x_wconf 88' lang='lat' dir='ltr'>boc</span> <span class='ocrx_word' id='word_1_27' title='bbox 676 633 779 719; x_wconf 87' lang='lat' dir='ltr'>potius</span> <span class='ocrx_word' id='word_1_28' title='bbox 801 633 859 697; x_wconf 87' lang='lat' dir='ltr'>sub</span> <span class='ocrx_word' id='word_1_29' title='bbox 880 631 1006 698; x_wconf 85' lang='lat' dir='ltr'>Catonis</span> <span class='ocrx_word' id='word_1_30' title='bbox 1028 636 1076 699; x_wconf 85' lang='lat' dir='ltr'>ve&#39;l</span> <span class='ocrx_word' id='word_1_31' title='bbox 1098 635 1238 720; x_wconf 87' lang='lat' dir='ltr'>Pompeji</span> <span class='ocrx_word' id='word_1_32' title='bbox 1259 636 1343 699; x_wconf 83' lang='lat' dir='ltr'>ima-</span> 
     </span>
     <span class='ocr_line' id='line_1_5' title="bbox 281 741 1343 833; baseline -0.004 -21"><span class='ocrx_word' id='word_1_33' title='bbox 281 747 404 833; x_wconf 89' lang='lat' dir='ltr'>ginibus</span> <span class='ocrx_word' id='word_1_34' title='bbox 432 745 638 830; x_wconf 86' lang='lat' dir='ltr'>subscriptum</span> <span class='ocrx_word' id='word_1_35' title='bbox 666 742 772 817; x_wconf 78' lang='lat' dir='ltr'>buerit,</span> <span class='ocrx_word' id='word_1_36' title='bbox 807 741 972 827; x_wconf 85' lang='lat' dir='ltr'>dijudicare</span> <span class='ocrx_word' id='word_1_37' title='bbox 995 744 1157 810; x_wconf 79' lang='lat' dir='ltr'><strong>noluerim.</strong></span> <span class='ocrx_word' id='word_1_38' title='bbox 1199 744 1260 810; x_wconf 88' lang='lat' dir='ltr'>Sed</span> <span class='ocrx_word' id='word_1_39' title='bbox 1282 767 1343 809; x_wconf 91' lang='lat' dir='ltr'>non</span> 
     </span>
     <span class='ocr_line' id='line_1_6' title="bbox 280 851 1344 926; baseline -0.007 -1"><span class='ocrx_word' id='word_1_40' title='bbox 280 856 368 925; x_wconf 82' lang='lat' dir='ltr'>valde</span> <span class='ocrx_word' id='word_1_41' title='bbox 395 855 541 921; x_wconf 70' lang='lat' dir='ltr'>credibile</span> <span class='ocrx_word' id='word_1_42' title='bbox 568 861 616 918; x_wconf 88' lang='lat' dir='ltr'>est</span> <span class='ocrx_word' id='word_1_43' title='bbox 641 852 763 926; x_wconf 79' lang='lat' dir='ltr'>Licino,</span> <span class='ocrx_word' id='word_1_44' title='bbox 792 851 938 917; x_wconf 89' lang='lat' dir='ltr'>nimimm</span> <span class='ocrx_word' id='word_1_45' title='bbox 961 854 1078 918; x_wconf 87' lang='lat' dir='ltr'>tonsori</span> <span class='ocrx_word' id='word_1_46' title='bbox 1106 861 1137 917; x_wconf 89' lang='lat' dir='ltr'>et</span> <span class='ocrx_word' id='word_1_47' title='bbox 1158 853 1344 919; x_wconf 79' lang='lat' dir='ltr'>obscurioris</span> 
     </span>
     <span class='ocr_line' id='line_1_7' title="bbox 280 960 1343 1058; baseline -0.003 -26"><span class='ocrx_word' id='word_1_48' title='bbox 280 968 378 1032; x_wconf 74' lang='lat' dir='ltr'>murae</span> <span class='ocrx_word' id='word_1_49' title='bbox 403 964 520 1036; x_wconf 89' lang='lat' dir='ltr'>bomini</span> <span class='ocrx_word' id='word_1_50' title='bbox 543 963 625 1028; x_wconf 89' lang='lat' dir='ltr'>inter</span> <span class='ocrx_word' id='word_1_51' title='bbox 647 969 695 1026; x_wconf 89' lang='lat' dir='ltr'>tot</span> <span class='ocrx_word' id='word_1_52' title='bbox 718 960 883 1058; x_wconf 81' lang='lat' dir='ltr'>illustrium</span> <span class='ocrx_word' id='word_1_53' title='bbox 908 962 1045 1028; x_wconf 81' lang='lat' dir='ltr'>virorum</span> <span class='ocrx_word' id='word_1_54' title='bbox 1070 963 1218 1046; x_wconf 76' lang='lat' dir='ltr'>imagines</span> <span class='ocrx_word' id='word_1_55' title='bbox 1243 963 1343 1029; x_wconf 84' lang='lat' dir='ltr'>locum</span> 
     </span>
     <span class='ocr_line' id='line_1_8' title="bbox 280 1077 755 1141; baseline -0.008 -3"><span class='ocrx_word' id='word_1_56' title='bbox 280 1097 298 1138; x_wconf 90' lang='lat' dir='ltr'>a</span> <span class='ocrx_word' id='word_1_57' title='bbox 317 1077 457 1141; x_wconf 85' lang='lat' dir='ltr'>Varrone</span> <span class='ocrx_word' id='word_1_58' title='bbox 476 1093 654 1139; x_wconf 88' lang='lat' dir='ltr'>concessum</span> <span class='ocrx_word' id='word_1_59' title='bbox 678 1091 755 1136; x_wconf 88' lang='lat' dir='ltr'>esse.</span> 
     </span>
    </p>

    <p class='ocr_par' dir='ltr' id='par_1_3' title="bbox 279 1179 1342 1477">
     <span class='ocr_line' id='line_1_9' title="bbox 364 1179 1342 1268; baseline -0.001 -21"><span class='ocrx_word' id='word_1_60' title='bbox 364 1182 564 1248; x_wconf 80' lang='lat' dir='ltr'>Pervenimus</span> <span class='ocrx_word' id='word_1_61' title='bbox 585 1181 709 1246; x_wconf 87' lang='lat' dir='ltr'>tandem</span> <span class='ocrx_word' id='word_1_62' title='bbox 731 1179 769 1244; x_wconf 88' lang='lat' dir='ltr'>ad</span> <span class='ocrx_word' id='word_1_63' title='bbox 791 1181 996 1267; x_wconf 72' lang='lat' dir='ltr'>Polymedrtb:</span> <span class='ocrx_word' id='word_1_64' title='bbox 1028 1183 1114 1267; x_wconf 82' lang='lat' dir='ltr'>cujus</span> <span class='ocrx_word' id='word_1_65' title='bbox 1137 1182 1342 1268; x_wconf 80' lang='lat' dir='ltr'>inscriptionis</span> 
     </span>
     <span class='ocr_line' id='line_1_10' title="bbox 280 1288 1342 1376; baseline -0.002 -18"><span class='ocrx_word' id='word_1_66' title='bbox 280 1292 392 1358; x_wconf 89' lang='lat' dir='ltr'>librum</span> <span class='ocrx_word' id='word_1_67' title='bbox 406 1291 554 1357; x_wconf 82' lang='lat' dir='ltr'>Varronis</span> <span class='ocrx_word' id='word_1_68' title='bbox 572 1289 693 1355; x_wconf 89' lang='lat' dir='ltr'>nullum</span> <span class='ocrx_word' id='word_1_69' title='bbox 709 1288 804 1354; x_wconf 79' lang='lat' dir='ltr'>brisso</span> <span class='ocrx_word' id='word_1_70' title='bbox 826 1310 882 1374; x_wconf 93' lang='lat' dir='ltr'>pro</span> <span class='ocrx_word' id='word_1_71' title='bbox 903 1299 1061 1376; x_wconf 88' lang='lat' dir='ltr'>comperto</span> <span class='ocrx_word' id='word_1_72' title='bbox 1083 1291 1241 1358; x_wconf 80' lang='lat' dir='ltr'>babemus</span> <span class='ocrx_word' id='word_1_73' title='bbox 1267 1296 1342 1356; x_wconf 83' lang='lat' dir='ltr'>Au-</span> 
     </span>
     <span class='ocr_line' id='line_1_11' title="bbox 279 1397 1341 1477; baseline -0.002 -9"><span class='ocrx_word' id='word_1_74' title='bbox 279 1402 344 1468; x_wconf 87' lang='lat' dir='ltr'>dias</span> <span class='ocrx_word' id='word_1_75' title='bbox 361 1401 453 1466; x_wconf 94' lang='lat' dir='ltr'>modo</span> <span class='ocrx_word' id='word_1_76' title='bbox 463 1400 594 1465; x_wconf 79' lang='lat' dir='ltr'>Amobii</span> <span class='ocrx_word' id='word_1_77' title='bbox 610 1400 722 1477; x_wconf 90' lang='lat' dir='ltr'>locum,</span> <span class='ocrx_word' id='word_1_78' title='bbox 733 1397 816 1463; x_wconf 88' lang='lat' dir='ltr'>unde</span> <span class='ocrx_word' id='word_1_79' title='bbox 831 1397 888 1462; x_wconf 91' lang='lat' dir='ltr'>bic·</span> <span class='ocrx_word' id='word_1_80' title='bbox 898 1420 984 1465; x_wconf 89' lang='lat' dir='ltr'>error</span> <span class='ocrx_word' id='word_1_81' title='bbox 1003 1401 1151 1466; x_wconf 85' lang='lat' dir='ltr'>manarit:</span> <span class='ocrx_word' id='word_1_82' title='bbox 1164 1399 1341 1476; x_wconf 64' lang='lat' dir='ltr'>,inlinitum</span> 
     </span>
    </p>
   </div>
   <div class='ocr_carea' id='block_1_3' title="bbox 279 1507 1456 1594">
    <p class='ocr_par' dir='ltr' id='par_1_4' title="bbox 279 1507 1456 1594">
     <span class='ocr_line' id='line_1_12' title="bbox 279 1507 1456 1594; baseline 0 -18"><span class='ocrx_word' id='word_1_83' title='bbox 279 1520 326 1576; x_wconf 84' lang='lat' dir='ltr'>est</span> <span class='ocrx_word' id='word_1_84' title='bbox 346 1518 378 1576; x_wconf 89' lang='lat' dir='ltr'>et</span> <span class='ocrx_word' id='word_1_85' title='bbox 396 1511 597 1584; x_wconf 86' lang='lat' dir='ltr'>immensum,</span> <span class='ocrx_word' id='word_1_86' title='bbox 624 1507 737 1593; x_wconf 86' lang='lat' dir='ltr'>quibus</span> <span class='ocrx_word' id='word_1_87' title='bbox 756 1508 873 1594; x_wconf 87' lang='lat' dir='ltr'>quique</span> <span class='ocrx_word' id='word_1_88' title='bbox 893 1509 925 1572; x_wconf 93' lang='lat' dir='ltr'>in</span> <span class='ocrx_word' id='word_1_89' title='bbox 948 1507 1025 1574; x_wconf 90' lang='lat' dir='ltr'>lanis</span> <span class='ocrx_word' id='word_1_90' title='bbox 1048 1517 1114 1575; x_wconf 92' lang='lat' dir='ltr'>toto</span> <span class='ocrx_word' id='word_1_91' title='bbox 1134 1511 1248 1576; x_wconf 85' lang='lat' dir='ltr'>sintin</span> <span class='ocrx_word' id='word_1_92' title='bbox 1269 1510 1342 1576; x_wconf 88' lang='lat' dir='ltr'>orbe</span> <span class='ocrx_word' id='word_1_93' title='bbox 1455 1561 1456 1587; x_wconf 73' lang='lat'>,</span> 
     </span>
    </p>
   </div>
   <div class='ocr_carea' id='block_1_4' title="bbox 266 1616 1342 1924">
    <p class='ocr_par' dir='ltr' id='par_1_5' title="bbox 266 1616 1342 1924">
     <span class='ocr_line' id='line_1_13' title="bbox 279 1616 1341 1705; baseline 0 -19"><span class='ocrx_word' id='word_1_94' title='bbox 279 1619 463 1686; x_wconf 86' lang='lat' dir='ltr'>describere:</span> <span class='ocrx_word' id='word_1_95' title='bbox 500 1639 557 1682; x_wconf 89' lang='lat' dir='ltr'>nec</span> <span class='ocrx_word' id='word_1_96' title='bbox 585 1624 723 1682; x_wconf 83' lang='lat' dir='ltr'>exactam</span> <span class='ocrx_word' id='word_1_97' title='bbox 751 1616 903 1683; x_wconf 78' lang='lat' dir='ltr'>desiderat</span> <span class='ocrx_word' id='word_1_98' title='bbox 935 1639 1056 1697; x_wconf 88' lang='lat' dir='ltr'>curam,</span> <span class='ocrx_word' id='word_1_99' title='bbox 1089 1641 1182 1705; x_wconf 88' lang='lat' dir='ltr'>quam</span> <span class='ocrx_word' id='word_1_100' title='bbox 1212 1639 1341 1704; x_wconf 90' lang='lat' dir='ltr'>poenam</span> 
     </span>
     <span class='ocr_line' id='line_1_14' title="bbox 279 1727 1342 1816; baseline 0.002 -24"><span class='ocrx_word' id='word_1_101' title='bbox 279 1727 472 1793; x_wconf 87' lang='lat' dir='ltr'>constituerit</span> <span class='ocrx_word' id='word_1_102' title='bbox 492 1731 650 1811; x_wconf 73' lang='lat' dir='ltr'>Aegyptus</span> <span class='ocrx_word' id='word_1_103' title='bbox 673 1727 706 1789; x_wconf 93' lang='lat' dir='ltr'>in</span> <span class='ocrx_word' id='word_1_104' title='bbox 727 1747 816 1804; x_wconf 86' lang='lat' dir='ltr'>eum,</span> <span class='ocrx_word' id='word_1_105' title='bbox 838 1727 891 1813; x_wconf 92' lang='lat' dir='ltr'>qui</span> <span class='ocrx_word' id='word_1_106' title='bbox 912 1727 1111 1813; x_wconf 77' lang='lat' dir='ltr'>publicasset,</span> <span class='ocrx_word' id='word_1_107' title='bbox 1133 1729 1246 1815; x_wconf 90' lang='lat' dir='ltr'>quibus</span> <span class='ocrx_word' id='word_1_108' title='bbox 1266 1730 1342 1816; x_wconf 77' lang='lat' dir='ltr'>Apis</span> 
     </span>
     <span class='ocr_line' id='line_1_15' title="bbox 266 1835 1341 1924; baseline 0.002 -23"><span class='ocrx_word' id='word_1_109' title='bbox 266 1839 374 1923; x_wconf 81' lang='lat' dir='ltr'>,jaceat</span> <span class='ocrx_word' id='word_1_110' title='bbox 394 1835 604 1900; x_wconf 87' lang='lat' dir='ltr'>absconditus:</span> <span class='ocrx_word' id='word_1_111' title='bbox 630 1835 816 1921; x_wconf 79' lang='lat' dir='ltr'>polyandrio</span> <span class='ocrx_word' id='word_1_112' title='bbox 840 1837 891 1900; x_wconf 93' lang='lat' dir='ltr'>illa</span> <span class='ocrx_word' id='word_1_113' title='bbox 913 1837 1061 1902; x_wconf 76' lang='lat' dir='ltr'>Varronis</span> <span class='ocrx_word' id='word_1_114' title='bbox 1083 1838 1195 1922; x_wconf 86' lang='lat' dir='ltr'>quibus</span> <span class='ocrx_word' id='word_1_115' title='bbox 1217 1838 1341 1924; x_wconf 87' lang='lat' dir='ltr'>templis</span> 
     </span>
    </p>
   </div>
   <div class='ocr_carea' id='block_1_5' title="bbox 278 1944 1455 2032">
    <p class='ocr_par' dir='ltr' id='par_1_6' title="bbox 278 1944 1455 2032">
     <span class='ocr_line' id='line_1_16' title="bbox 278 1944 1455 2032; baseline 0 -20"><span class='ocrx_word' id='word_1_116' title='bbox 278 1954 488 2031; x_wconf 86' lang='lat' dir='ltr'>contegantur,</span> <span class='ocrx_word' id='word_1_117' title='bbox 508 1963 647 2029; x_wconf 85' lang='lat' dir='ltr'>quasque</span> <span class='ocrx_word' id='word_1_118' title='bbox 667 1944 702 2008; x_wconf 91' lang='lat' dir='ltr'>in</span> <span class='ocrx_word' id='word_1_119' title='bbox 722 1965 756 2008; x_wconf 89' lang='lat' dir='ltr'>sc</span> <span class='ocrx_word' id='word_1_120' title='bbox 776 1944 909 2022; x_wconf 86' lang='lat' dir='ltr'>babeant</span> <span class='ocrx_word' id='word_1_121' title='bbox 931 1946 1076 2030; x_wconf 86' lang='lat' dir='ltr'>superlati</span> <span class='ocrx_word' id='word_1_122' title='bbox 1098 1944 1241 2032; x_wconf 86' lang='lat' dir='ltr'>ponderis</span> <span class='ocrx_word' id='word_1_123' title='bbox 1264 1969 1341 2012; x_wconf 87' lang='lat' dir='ltr'>mo·</span> <span class='ocrx_word' id='word_1_124' title='bbox 1454 1975 1455 1993; x_wconf 53' lang='lat'>¹</span> 
     </span>
    </p>
   </div>
   <div class='ocr_carea' id='block_1_6' title="bbox 246 2052 1340 2471">
    <p class='ocr_par' dir='ltr' id='par_1_7' title="bbox 246 2052 1340 2471">
     <span class='ocr_line' id='line_1_17' title="bbox 246 2052 1340 2143; baseline 0.011 -29"><span class='ocrx_word' id='word_1_125' title='bbox 246 2109 249 2114; x_wconf 91' lang='lat'>.</span> <span class='ocrx_word' id='word_1_126' title='bbox 278 2056 422 2132; x_wconf 69' lang='lat' dir='ltr'>les“21).</span> <span class='ocrx_word' id='word_1_127' title='bbox 464 2052 622 2136; x_wconf 87' lang='lat' dir='ltr'>Intelligis,</span> <span class='ocrx_word' id='word_1_128' title='bbox 637 2054 739 2139; x_wconf 88' lang='lat' dir='ltr'>operis</span> <span class='ocrx_word' id='word_1_129' title='bbox 760 2076 822 2120; x_wconf 91' lang='lat' dir='ltr'>non</span> <span class='ocrx_word' id='word_1_130' title='bbox 839 2076 953 2134; x_wconf 81' lang='lat' dir='ltr'>reram,</span> <span class='ocrx_word' id='word_1_131' title='bbox 969 2077 1048 2142; x_wconf 88' lang='lat' dir='ltr'>quae</span> <span class='ocrx_word' id='word_1_132' title='bbox 1069 2057 1192 2143; x_wconf 83' lang='lat' dir='ltr'>abipso</span> <span class='ocrx_word' id='word_1_133' title='bbox 1214 2063 1340 2126; x_wconf 67' lang='lat' dir='ltr'>aucun</span> 
     </span>
     <span class='ocr_line' id='line_1_18' title="bbox 278 2161 1339 2251; baseline 0.001 -22"><span class='ocrx_word' id='word_1_134' title='bbox 278 2165 374 2230; x_wconf 82' lang='lat' dir='ltr'>indita</span> <span class='ocrx_word' id='word_1_135' title='bbox 401 2165 455 2242; x_wconf 89' lang='lat' dir='ltr'>sit,</span> <span class='ocrx_word' id='word_1_136' title='bbox 484 2161 716 2247; x_wconf 87' lang='lat' dir='ltr'>inscriptionem</span> <span class='ocrx_word' id='word_1_137' title='bbox 739 2163 857 2230; x_wconf 86' lang='lat' dir='ltr'>laudari</span> <span class='ocrx_word' id='word_1_138' title='bbox 886 2163 924 2230; x_wconf 87' lang='lat' dir='ltr'>ab</span> <span class='ocrx_word' id='word_1_139' title='bbox 942 2164 1101 2243; x_wconf 79' lang='lat' dir='ltr'>Africano,</span> <span class='ocrx_word' id='word_1_140' title='bbox 1133 2166 1186 2230; x_wconf 90' lang='lat' dir='ltr'>scd</span> <span class='ocrx_word' id='word_1_141' title='bbox 1214 2166 1339 2251; x_wconf 89' lang='lat' dir='ltr'>impro-</span> 
     </span>
     <span class='ocr_line' id='line_1_19' title="bbox 278 2272 1338 2360; baseline -0.001 -21"><span class='ocrx_word' id='word_1_142' title='bbox 278 2275 374 2360; x_wconf 92' lang='lat' dir='ltr'>priam</span> <span class='ocrx_word' id='word_1_143' title='bbox 397 2272 485 2357; x_wconf 88' lang='lat' dir='ltr'>lingi,</span> <span class='ocrx_word' id='word_1_144' title='bbox 520 2292 581 2357; x_wconf 86' lang='lat' dir='ltr'>que</span> <span class='ocrx_word' id='word_1_145' title='bbox 604 2293 653 2338; x_wconf 89' lang='lat' dir='ltr'>res</span> <span class='ocrx_word' id='word_1_146' title='bbox 680 2272 733 2337; x_wconf 92' lang='lat' dir='ltr'>illo</span> <span class='ocrx_word' id='word_1_147' title='bbox 761 2273 999 2359; x_wconf 90' lang='lat' dir='ltr'>comprehensas</span> <span class='ocrx_word' id='word_1_148' title='bbox 1026 2273 1122 2342; x_wconf 88' lang='lat' dir='ltr'>laeete</span> <span class='ocrx_word' id='word_1_149' title='bbox 1147 2276 1338 2360; x_wconf 87' lang='lat' dir='ltr'>perstringat.</span> 
     </span>
     <span class='ocr_line' id='line_1_20' title="bbox 275 2383 1337 2471; baseline 0.001 -21"><span class='ocrx_word' id='word_1_150' title='bbox 275 2385 346 2450; x_wconf 88' lang='lat' dir='ltr'>Non</span> <span class='ocrx_word' id='word_1_151' title='bbox 366 2384 448 2448; x_wconf 89' lang='lat' dir='ltr'>enim</span> <span class='ocrx_word' id='word_1_152' title='bbox 467 2383 550 2448; x_wconf 91' lang='lat' dir='ltr'>aliud</span> <span class='ocrx_word' id='word_1_153' title='bbox 570 2403 649 2468; x_wconf 88' lang='lat' dir='ltr'>opus</span> <span class='ocrx_word' id='word_1_154' title='bbox 670 2383 817 2448; x_wconf 87' lang='lat' dir='ltr'>Varronis</span> <span class='ocrx_word' id='word_1_155' title='bbox 839 2384 998 2469; x_wconf 87' lang='lat' dir='ltr'>intelligit,</span> <span class='ocrx_word' id='word_1_156' title='bbox 1021 2405 1115 2471; x_wconf 63' lang='lat' dir='ltr'>mam</span> <span class='ocrx_word' id='word_1_157' title='bbox 1136 2388 1254 2450; x_wconf 89' lang='lat' dir='ltr'>Rerum</span> <span class='ocrx_word' id='word_1_158' title='bbox 1274 2387 1337 2451; x_wconf 89' lang='lat' dir='ltr'>Di—</span> 
     </span>
    </p>
   </div>
   <div class='ocr_carea' id='block_1_7' title="bbox 276 2492 1456 2578">
    <p class='ocr_par' dir='ltr' id='par_1_8' title="bbox 276 2492 1456 2578">
     <span class='ocr_line' id='line_1_21' title="bbox 276 2492 1456 2578; baseline 0.003 -20"><span class='ocrx_word' id='word_1_159' title='bbox 276 2494 416 2559; x_wconf 82' lang='lat' dir='ltr'>rinarum</span> <span class='ocrx_word' id='word_1_160' title='bbox 437 2493 547 2569; x_wconf 86' lang='lat' dir='ltr'>libros,</span> <span class='ocrx_word' id='word_1_161' title='bbox 575 2512 708 2577; x_wconf 89' lang='lat' dir='ltr'>quorum</span> <span class='ocrx_word' id='word_1_162' title='bbox 733 2492 766 2555; x_wconf 94' lang='lat' dir='ltr'>in</span> <span class='ocrx_word' id='word_1_163' title='bbox 787 2492 896 2578; x_wconf 91' lang='lat' dir='ltr'>amplis</span> <span class='ocrx_word' id='word_1_164' title='bbox 918 2492 1125 2560; x_wconf 88' lang='lat' dir='ltr'>voluminibus</span> <span class='ocrx_word' id='word_1_165' title='bbox 1146 2495 1338 2561; x_wconf 87' lang='lat' dir='ltr'>innumeram</span> <span class='ocrx_word' id='word_1_166' title='bbox 1455 2520 1456 2523; x_wconf 44' lang='lat'>¹</span> 
     </span>
    </p>
   </div>
   <div class='ocr_carea' id='block_1_8' title="bbox 271 2598 1338 3458">
    <p class='ocr_par' dir='ltr' id='par_1_9' title="bbox 271 2598 1338 3458">
     <span class='ocr_line' id='line_1_22' title="bbox 275 2598 1338 2687; baseline 0.001 -19"><span class='ocrx_word' id='word_1_167' title='bbox 275 2598 412 2668; x_wconf 86' lang='lat' dir='ltr'>Deorum</span> <span class='ocrx_word' id='word_1_168' title='bbox 439 2601 589 2667; x_wconf 91' lang='lat' dir='ltr'>nobilium</span> <span class='ocrx_word' id='word_1_169' title='bbox 613 2609 645 2665; x_wconf 90' lang='lat' dir='ltr'>et</span> <span class='ocrx_word' id='word_1_170' title='bbox 670 2601 851 2685; x_wconf 81' lang='lat' dir='ltr'>ignobilium</span> <span class='ocrx_word' id='word_1_171' title='bbox 873 2623 996 2687; x_wconf 89' lang='lat' dir='ltr'>gregem</span> <span class='ocrx_word' id='word_1_172' title='bbox 1019 2604 1223 2670; x_wconf 86' lang='lat' dir='ltr'>intmductam</span> <span class='ocrx_word' id='word_1_173' title='bbox 1246 2606 1338 2671; x_wconf 83' lang='lat' dir='ltr'>fuisse</span> 
     </span>
     <span class='ocr_line' id='line_1_23' title="bbox 276 2710 1337 2797; baseline 0.006 -22"><span class='ocrx_word' id='word_1_174' title='bbox 276 2734 314 2775; x_wconf 85' lang='lat' dir='ltr'>ex</span> <span class='ocrx_word' id='word_1_175' title='bbox 333 2711 508 2795; x_wconf 79' lang='lat' dir='ltr'>Augrrstini,</span> <span class='ocrx_word' id='word_1_176' title='bbox 525 2710 655 2775; x_wconf 80' lang='lat' dir='ltr'>Amobii</span> <span class='ocrx_word' id='word_1_177' title='bbox 674 2718 706 2774; x_wconf 90' lang='lat' dir='ltr'>ot</span> <span class='ocrx_word' id='word_1_178' title='bbox 722 2711 904 2777; x_wconf 86' lang='lat' dir='ltr'>Tertulliani</span> <span class='ocrx_word' id='word_1_179' title='bbox 921 2712 1134 2797; x_wconf 68' lang='lat' dir='ltr'>scripsissetis</span> <span class='ocrx_word' id='word_1_180' title='bbox 1153 2724 1263 2781; x_wconf 85' lang='lat' dir='ltr'>notum</span> <span class='ocrx_word' id='word_1_181' title='bbox 1284 2724 1337 2781; x_wconf 89' lang='lat' dir='ltr'>est.</span> 
     </span>
     <span class='ocr_line' id='line_1_24' title="bbox 275 2817 1336 2911; baseline 0.006 -26"><span class='ocrx_word' id='word_1_182' title='bbox 275 2817 431 2885; x_wconf 67' lang='lat' dir='ltr'>arnobius</span> <span class='ocrx_word' id='word_1_183' title='bbox 452 2826 555 2882; x_wconf 88' lang='lat' dir='ltr'>autem</span> <span class='ocrx_word' id='word_1_184' title='bbox 573 2840 669 2902; x_wconf 89' lang='lat' dir='ltr'>quum</span> <span class='ocrx_word' id='word_1_185' title='bbox 693 2839 746 2882; x_wconf 88' lang='lat' dir='ltr'>eos</span> <span class='ocrx_word' id='word_1_186' title='bbox 766 2819 860 2885; x_wconf 89' lang='lat' dir='ltr'>libros</span> <span class='ocrx_word' id='word_1_187' title='bbox 879 2821 1065 2908; x_wconf 77' lang='lat' dir='ltr'>Polpandnb</span> <span class='ocrx_word' id='word_1_188' title='bbox 1082 2824 1229 2909; x_wconf 90' lang='lat' dir='ltr'>appellat,</span> <span class='ocrx_word' id='word_1_189' title='bbox 1258 2846 1336 2911; x_wconf 88' lang='lat' dir='ltr'>quae</span> 
     </span>
     <span class='ocr_line' id='line_1_25' title="bbox 274 2920 1336 3012; baseline 0.007 -19"><span class='ocrx_word' id='word_1_190' title='bbox 274 2927 382 2993; x_wconf 86' lang='lat' dir='ltr'>Latine</span> <span class='ocrx_word' id='word_1_191' title='bbox 404 2935 476 2991; x_wconf 90' lang='lat' dir='ltr'>sunt</span> <span class='ocrx_word' id='word_1_192' title='bbox 498 2926 672 2991; x_wconf 89' lang='lat' dir='ltr'>communia</span> <span class='ocrx_word' id='word_1_193' title='bbox 693 2928 833 3012; x_wconf 89' lang='lat' dir='ltr'>scpulcra</span> <span class='ocrx_word' id='word_1_194' title='bbox 854 2934 923 3007; x_wconf 73' lang='lat'>²²),</span> <span class='ocrx_word' id='word_1_195' title='bbox 945 2929 1003 2995; x_wconf 92' lang='lat' dir='ltr'>boc</span> <span class='ocrx_word' id='word_1_196' title='bbox 1024 2920 1172 3007; x_wconf 86' lang='lat' dir='ltr'>vocabulo</span> <span class='ocrx_word' id='word_1_197' title='bbox 1194 2956 1257 3000; x_wconf 92' lang='lat' dir='ltr'>non</span> <span class='ocrx_word' id='word_1_198' title='bbox 1277 2958 1336 3000; x_wconf 92' lang='lat' dir='ltr'>so-</span> 
     </span>
     <span class='ocr_line' id='line_1_26' title="bbox 275 3034 1336 3128; baseline 0.008 -26"><span class='ocrx_word' id='word_1_199' title='bbox 275 3038 338 3102; x_wconf 91' lang='lat' dir='ltr'>lum</span> <span class='ocrx_word' id='word_1_200' title='bbox 360 3034 518 3122; x_wconf 79' lang='lat' dir='ltr'>profanam</span> <span class='ocrx_word' id='word_1_201' title='bbox 543 3042 688 3123; x_wconf 27' lang='lat' dir='ltr'>veterum,</span> <span class='ocrx_word' id='word_1_202' title='bbox 702 3040 953 3122; x_wconf 88' lang='lat' dir='ltr'>superstitionem</span> <span class='ocrx_word' id='word_1_203' title='bbox 973 3040 1084 3125; x_wconf 89' lang='lat' dir='ltr'>tangit,</span> <span class='ocrx_word' id='word_1_204' title='bbox 1113 3064 1192 3128; x_wconf 90' lang='lat' dir='ltr'>quae</span> <span class='ocrx_word' id='word_1_205' title='bbox 1211 3055 1336 3111; x_wconf 81' lang='lat' dir='ltr'>morta·-</span> 
     </span>
     <span class='ocr_line' id='line_1_27' title="bbox 273 3144 1336 3231; baseline 0.008 -19"><span class='ocrx_word' id='word_1_206' title='bbox 273 3147 318 3212; x_wconf 91' lang='lat' dir='ltr'>les</span> <span class='ocrx_word' id='word_1_207' title='bbox 342 3145 483 3211; x_wconf 88' lang='lat' dir='ltr'>homines</span> <span class='ocrx_word' id='word_1_208' title='bbox 504 3165 560 3231; x_wconf 90' lang='lat' dir='ltr'>pro</span> <span class='ocrx_word' id='word_1_209' title='bbox 582 3144 640 3209; x_wconf 88' lang='lat' dir='ltr'>diis</span> <span class='ocrx_word' id='word_1_210' title='bbox 660 3145 761 3211; x_wconf 88' lang='lat' dir='ltr'>colere</span> <span class='ocrx_word' id='word_1_211' title='bbox 784 3147 986 3227; x_wconf 88' lang='lat' dir='ltr'>consueverit,</span> <span class='ocrx_word' id='word_1_212' title='bbox 1002 3150 1056 3215; x_wconf 90' lang='lat' dir='ltr'>sed</span> <span class='ocrx_word' id='word_1_213' title='bbox 1076 3151 1166 3217; x_wconf 89' lang='lat' dir='ltr'>etiarn</span> <span class='ocrx_word' id='word_1_214' title='bbox 1188 3154 1336 3221; x_wconf 87' lang='lat' dir='ltr'>Varronis</span> 
     </span>
     <span class='ocr_line' id='line_1_28' title="bbox 271 3243 1334 3345; baseline 0.007 -23"><span class='ocrx_word' id='word_1_215' title='bbox 271 3256 368 3344; x_wconf 86' lang='lat' dir='ltr'>ipsius</span> <span class='ocrx_word' id='word_1_216' title='bbox 400 3278 493 3343; x_wconf 88' lang='lat' dir='ltr'>quam</span> <span class='ocrx_word' id='word_1_217' title='bbox 519 3255 551 3320; x_wconf 92' lang='lat' dir='ltr'>in</span> <span class='ocrx_word' id='word_1_218' title='bbox 579 3253 671 3320; x_wconf 89' lang='lat' dir='ltr'>rebus</span> <span class='ocrx_word' id='word_1_219' title='bbox 697 3253 809 3321; x_wconf 90' lang='lat' dir='ltr'>divinis</span> <span class='ocrx_word' id='word_1_220' title='bbox 833 3256 1020 3345; x_wconf 85' lang='lat' dir='ltr'>explicandis</span> <span class='ocrx_word' id='word_1_221' title='bbox 1046 3260 1148 3326; x_wconf 84' lang='lat' dir='ltr'>inierit</span> <span class='ocrx_word' id='word_1_222' title='bbox 1172 3243 1334 3341; x_wconf 80' lang='lat' dir='ltr'>ratibnem,</span> 
     </span>
     <span class='ocr_line' id='line_1_29' title="bbox 271 3364 1335 3458; baseline 0.007 -28"><span class='ocrx_word' id='word_1_223' title='bbox 271 3374 341 3452; x_wconf 86' lang='lat' dir='ltr'>apte</span> <span class='ocrx_word' id='word_1_224' title='bbox 356 3366 517 3450; x_wconf 86' lang='lat' dir='ltr'>significat:</span> <span class='ocrx_word' id='word_1_225' title='bbox 533 3365 571 3430; x_wconf 89' lang='lat' dir='ltr'>de</span> <span class='ocrx_word' id='word_1_226' title='bbox 589 3385 650 3448; x_wconf 83' lang='lat' dir='ltr'>que</span> <span class='ocrx_word' id='word_1_227' title='bbox 671 3364 807 3446; x_wconf 89' lang='lat' dir='ltr'>apertius</span> <span class='ocrx_word' id='word_1_228' title='bbox 816 3366 979 3451; x_wconf 68' lang='lat' dir='ltr'>augustin.</span> <span class='ocrx_word' id='word_1_229' title='bbox 995 3367 1206 3436; x_wconf 74' lang='lat' dir='ltr'>dellensensu</span> <span class='ocrx_word' id='word_1_230' title='bbox 1218 3374 1335 3458; x_wconf 85' lang='lat' dir='ltr'>Erang.</span> 
     </span>
    </p>
   </div>
   <div class='ocr_carea' id='block_1_9' title="bbox 269 3609 1333 4098">
    <p class='ocr_par' dir='ltr' id='par_1_10' title="bbox 269 3609 1332 3854">
     <span class='ocr_line' id='line_1_30' title="bbox 339 3609 1332 3692; baseline 0.017 -34"><span class='ocrx_word' id='word_1_231' title='bbox 339 3609 383 3669; x_wconf 74' lang='lat'>²⁰)</span> <span class='ocrx_word' id='word_1_232' title='bbox 402 3625 428 3673; x_wconf 85' lang='lat' dir='ltr'>p.</span> <span class='ocrx_word' id='word_1_233' title='bbox 445 3611 505 3675; x_wconf 67' lang='grc' dir='ltr'>ωε,</span> <span class='ocrx_word' id='word_1_234' title='bbox 522 3612 548 3660; x_wconf 93' lang='lat' dir='ltr'>b.</span> <span class='ocrx_word' id='word_1_235' title='bbox 566 3612 601 3660; x_wconf 83' lang='lat' dir='ltr'>cd</span> <span class='ocrx_word' id='word_1_236' title='bbox 614 3624 715 3663; x_wconf 80' lang='lat' dir='ltr'>rocem</span> <span class='ocrx_word' id='word_1_237' title='bbox 732 3614 856 3667; x_wconf 69' lang='lat' dir='ltr'>Metuo:</span> <span class='ocrx_word' id='word_1_238' title='bbox 875 3618 1001 3681; x_wconf 82' lang='lat' dir='ltr'>„Nomen</span> <span class='ocrx_word' id='word_1_239' title='bbox 1022 3622 1148 3673; x_wconf 77' lang='lat' dir='ltr'>tonsoris</span> <span class='ocrx_word' id='word_1_240' title='bbox 1165 3624 1270 3692; x_wconf 70' lang='lat' dir='ltr'>samem,</span> <span class='ocrx_word' id='word_1_241' title='bbox 1289 3627 1332 3688; x_wconf 77' lang='lat' dir='ltr'>qui</span> 
     </span>
     <span class='ocr_line' id='line_1_31' title="bbox 269 3694 1332 3775; baseline 0.013 -30"><span class='ocrx_word' id='word_1_242' title='bbox 269 3699 371 3756; x_wconf 80' lang='lat' dir='ltr'>postea</span> <span class='ocrx_word' id='word_1_243' title='bbox 385 3694 487 3747; x_wconf 87' lang='lat' dir='ltr'>dicitur</span> <span class='ocrx_word' id='word_1_244' title='bbox 503 3696 597 3747; x_wconf 82' lang='lat' dir='ltr'>tactus</span> <span class='ocrx_word' id='word_1_245' title='bbox 616 3700 732 3748; x_wconf 83' lang='lat' dir='ltr'>senator</span> <span class='ocrx_word' id='word_1_246' title='bbox 749 3711 767 3750; x_wconf 81' lang='lat' dir='ltr'>a</span> <span class='ocrx_word' id='word_1_247' title='bbox 786 3699 929 3767; x_wconf 80' lang='lat' dir='ltr'>caesare,</span> <span class='ocrx_word' id='word_1_248' title='bbox 947 3705 1021 3765; x_wconf 79' lang='lat' dir='ltr'>quod</span> <span class='ocrx_word' id='word_1_249' title='bbox 1037 3706 1146 3757; x_wconf 80' lang='lat' dir='ltr'>odisset</span> <span class='ocrx_word' id='word_1_250' title='bbox 1163 3708 1332 3775; x_wconf 86' lang='lat' dir='ltr'>Pompejun,</span> 
     </span>
     <span class='ocr_line' id='line_1_32' title="bbox 270 3778 1143 3854; baseline 0.015 -26"><span class='ocrx_word' id='word_1_251' title='bbox 270 3780 304 3829; x_wconf 89' lang='lat' dir='ltr'>de</span> <span class='ocrx_word' id='word_1_252' title='bbox 322 3791 377 3841; x_wconf 82' lang='lat' dir='ltr'>quo</span> <span class='ocrx_word' id='word_1_253' title='bbox 395 3778 448 3829; x_wconf 90' lang='lat' dir='ltr'>boc</span> <span class='ocrx_word' id='word_1_254' title='bbox 467 3779 599 3842; x_wconf 85' lang='lat' dir='ltr'>scriptum</span> <span class='ocrx_word' id='word_1_255' title='bbox 618 3783 663 3831; x_wconf 90' lang='lat' dir='ltr'>est</span> <span class='ocrx_word' id='word_1_256' title='bbox 680 3782 861 3845; x_wconf 85' lang='lat' dir='ltr'>epitaphium:</span> <span class='ocrx_word' id='word_1_257' title='bbox 879 3786 1039 3838; x_wconf 82' lang='lat' dir='ltr'>Marmorea</span> <span class='ocrx_word' id='word_1_258' title='bbox 1059 3789 1143 3854; x_wconf 79' lang='lat' dir='ltr'>sqq.“</span> 
     </span>
    </p>

    <p class='ocr_par' dir='ltr' id='par_1_11' title="bbox 338 3863 1073 3930">
     <span class='ocr_line' id='line_1_33' title="bbox 338 3863 1073 3930; baseline 0.018 -20"><span class='ocrx_word' id='word_1_259' title='bbox 338 3863 384 3921; x_wconf 85' lang='lat'>¹¹)</span> <span class='ocrx_word' id='word_1_260' title='bbox 403 3864 507 3913; x_wconf 79' lang='lat' dir='ltr'>Aruob.</span> <span class='ocrx_word' id='word_1_261' title='bbox 526 3865 588 3913; x_wconf 84' lang='lat' dir='ltr'>adr.</span> <span class='ocrx_word' id='word_1_262' title='bbox 606 3866 687 3915; x_wconf 76' lang='lat' dir='ltr'>Gent.</span> <span class='ocrx_word' id='word_1_263' title='bbox 703 3868 724 3915; x_wconf 90' lang='lat' dir='ltr'>l.</span> <span class='ocrx_word' id='word_1_264' title='bbox 741 3867 794 3930; x_wconf 88' lang='lat' dir='ltr'>Vl,</span> <span class='ocrx_word' id='word_1_265' title='bbox 811 3881 837 3929; x_wconf 87' lang='lat' dir='ltr'>p.</span> <span class='ocrx_word' id='word_1_266' title='bbox 857 3866 916 3918; x_wconf 76' lang='lat'><strong>189.</strong></span> <span class='ocrx_word' id='word_1_267' title='bbox 931 3870 974 3919; x_wconf 89' lang='lat' dir='ltr'>cd.</span> <span class='ocrx_word' id='word_1_268' title='bbox 993 3870 1073 3923; x_wconf 81' lang='lat' dir='ltr'>Cant.</span> 
     </span>
    </p>

    <p class='ocr_par' dir='ltr' id='par_1_12' title="bbox 272 3946 1333 4098">
     <span class='ocr_line' id='line_1_34' title="bbox 338 3946 1333 4019; baseline 0.015 -23"><span class='ocrx_word' id='word_1_269' title='bbox 338 3948 383 4004; x_wconf 72' lang='grc' dir='ltr'>Η)</span> <span class='ocrx_word' id='word_1_270' title='bbox 400 3946 436 3997; x_wconf 87' lang='lat' dir='ltr'>V.</span> <span class='ocrx_word' id='word_1_271' title='bbox 451 3946 561 3997; x_wconf 78' lang='lat' dir='ltr'>saldan</span> <span class='ocrx_word' id='word_1_272' title='bbox 576 3961 600 3997; x_wconf 84' lang='lat' dir='ltr'>s.</span> <span class='ocrx_word' id='word_1_273' title='bbox 619 3962 645 3998; x_wconf 87' lang='lat' dir='ltr'>r.</span> <span class='ocrx_word' id='word_1_274' title='bbox 663 3954 692 3999; x_wconf 88' lang='lat' dir='ltr'>et</span> <span class='ocrx_word' id='word_1_275' title='bbox 709 3962 781 4013; x_wconf 80' lang='lat' dir='ltr'>qnae</span> <span class='ocrx_word' id='word_1_276' title='bbox 796 3950 835 4001; x_wconf 89' lang='lat' dir='ltr'>ibt</span> <span class='ocrx_word' id='word_1_277' title='bbox 852 3950 934 4003; x_wconf 80' lang='lat' dir='ltr'>allert</span> <span class='ocrx_word' id='word_1_278' title='bbox 944 3954 1115 4019; x_wconf 78' lang='lat' dir='ltr'>Bernhardy.</span> <span class='ocrx_word' id='word_1_279' title='bbox 1133 3958 1230 4009; x_wconf 76' lang='lat' dir='ltr'>-·Fr.</span> <span class='ocrx_word' id='word_1_280' title='bbox 1245 3958 1333 4011; x_wconf 73' lang='lat' dir='ltr'>(treu-</span> 
     </span>
     <span class='ocr_line' id='line_1_35' title="bbox 272 4031 993 4098; baseline 0.007 -16"><span class='ocrx_word' id='word_1_281' title='bbox 272 4044 328 4082; x_wconf 76' lang='lat' dir='ltr'>cer.</span> <span class='ocrx_word' id='word_1_282' title='bbox 347 4032 375 4081; x_wconf 87' lang='lat' dir='ltr'>in</span> <span class='ocrx_word' id='word_1_283' title='bbox 394 4031 470 4081; x_wconf 85' lang='lat' dir='ltr'>Diar.</span> <span class='ocrx_word' id='word_1_284' title='bbox 489 4032 600 4094; x_wconf 79' lang='lat' dir='ltr'>Authm</span> <span class='ocrx_word' id='word_1_285' title='bbox 620 4032 695 4083; x_wconf 72' lang='lat'>184³.</span> <span class='ocrx_word' id='word_1_286' title='bbox 714 4034 785 4083; x_wconf 82' lang='lat' dir='ltr'>lese.</span> <span class='ocrx_word' id='word_1_287' title='bbox 805 4034 848 4098; x_wconf 75' lang='lat' dir='ltr'>lt,</span> <span class='ocrx_word' id='word_1_288' title='bbox 871 4049 898 4097; x_wconf 86' lang='lat' dir='ltr'>p.</span> <span class='ocrx_word' id='word_1_289' title='bbox 917 4036 993 4089; x_wconf 78' lang='lat' dir='ltr'>rost.</span> 
     </span>
    </p>
   </div>
   <div class='ocr_carea' id='block_1_10' title="bbox 1454 3284 1456 3349">
    <p class='ocr_par' dir='ltr' id='par_1_13' title="bbox 1454 3284 1456 3349">
     <span class='ocr_line' id='line_1_36' title="bbox 1454 3284 1456 3349; baseline 0 0"><span class='ocrx_word' id='word_1_290' title='bbox 1454 3284 1456 3349; x_wconf 90' lang='lat' dir='ltr'>l</span> 
     </span>
    </p>
   </div>
   <div class='ocr_carea' id='block_1_11' title="bbox 0 0 1472 4750">
    <p class='ocr_par' dir='ltr' id='par_1_14' title="bbox 0 0 1472 4750">
     <span class='ocr_line' id='line_1_37' title="bbox 0 0 1472 4750; baseline 0 3"><span class='ocrx_word' id='word_1_291' title='bbox 0 0 1472 4750; x_wconf 95' lang='lat' dir='ltr'> </span> 
     </span>
    </p>
   </div>
  </div>
 </body>
</html>
