2934 4750
330 301 522 346 uroaanon
546 299 775 348 naarrrsaaon
797 299 980 359 ranrpuras.
1126 279 1188 345 158

81 373 156 454 ‘sei-

125 471 146 533 1,
163 468 205 520 to.
242 469 355 522 tantm.
371 469 398 521 ln
414 471 505 522 l’laut.
525 468 607 532 cure.
626 468 689 534 l,t‚
706 468 747 520 tt.
785 469 869 522 Turn.
885 470 904 520 l.
920 470 941 520 l.
979 469 1186 538 cael.ltlotltg.

122 555 198 610 Leet.
218 557 281 606 Ant.
299 555 341 620 ll,
362 555 388 605 3.

130 653 136 660 ·
188 639 230 691 33.
265 641 317 704 Ap.
336 642 451 702 Nomp.
471 638 538 703 teo,
568 637 591 687 4.
614 651 641 688 v.
666 634 868 690 sacrificantur
888 651 939 702 pro
960 638 1131 693 sacrificant.
1158 670 1183 680 -

123 723 224 774 Focum
242 723 363 775 Laribus
383 736 494 775 sacrum
512 721 617 786 titisse,
635 735 716 772 nemo
735 727 794 788 est,
820 721 867 786 pul
884 723 1002 780 neseiat.

189 808 232 858 tt.
268 811 321 871 Ap.
339 810 410 859 Non.
429 821 454 870 p.
473 804 541 872 448,
556 807 598 857 27.
614 819 642 855 v.
659 806 790 858 Penulam
809 799 940 873 abuslve',
960 821 1041 859 omne
1058 810 1187 874 quidquid

123 891 206 958 legit,
236 891 404 944 nobilissimi
422 898 534 943 veteres
551 891 763 944 transtulemrnt.
782 917 817 930 -
836 893 991 958 dturaptas
1007 896 1092 949 tonat
1105 897 1189 950 tort·

125 977 190 1026 tium
215 975 304 1028 coll.
341 979 491 1044 corripias
512 979 593 1043 lum,
618 976 737 1037 Papus,
762 978 901 1027 laurent).
936 980 1015 1032 tonet
1034 981 1078 1030 ed.
1101 981 1188 1049 ileo,

121 1062 199 1122 prob.
224 1062 300 1112 Gerl.
342 1064 417 1114 tenet
439 1061 517 1127 All,
547 1061 627 1127 Jam,
654 1061 774 1126 Popma,
804 1061 944 1110 Laurenb.
984 1066 1101 1116 ondam
1124 1071 1188 1118 ante

121 1147 222 1209 llere,
240 1145 323 1196 etiam
340 1146 369 1196 in
388 1146 456 1198 col.
477 1146 568 1198 Guelt‘.
586 1146 604 1196 Ιι
623 1145 705 1196 modo
721 1144 905 1208 suprascript.
916 1146 1073 1196 -nrilnm
1090 1152 1189 1202 tonare

122 1229 167 1279 vel
185 1232 284 1281 tonare
300 1231 363 1294 quid
381 1231 429 1298 ait,
447 1232 616 1295 interpretes
634 1229 684 1280 tibl
699 1232 782 1281 erant
795 1231 910 1281 Lueret.
924 1230 975 1297 vl,
990 1231 1049 1281 113.
1067 1234 1098 1282 et
1110 1233 1190 1298 Virgo

123 1314 227 1378 tleorg.
246 1316 278 1382 1,
298 1317 373 1382 333,
394 1317 442 1368 ubi
461 1317 497 1368 ct.
516 1319 595 1366 serv.
613 1316 676 1365 atla.
692 1340 724 1351 -
740 1315 783 1364 lle
800 1315 903 1378 penula
920 1319 999 1368 reete
1017 1316 1102 1368 l'nrn.
1121 1318 1190 1368 Allo.

122 1398 255 1465 llllvlll,
274 1399 316 1449 lt·
335 1399 498 1466 ,‚Penula“,
513 1398 617 1464 lnquit,
641 1398 723 1448 etiam
743 1400 816 1461 apml
833 1402 990 1452 Varronem
1007 1402 1191 1466 campartem

124 1475 213 1533 c'alcei
231 1480 388 1550 signifieat,
406 1497 478 1548 quae
492 1485 588 1546 pelen
607 1483 756 1533 involucro
773 1497 826 1534 ano
843 1483 980 1549 obtegit“.
1225 1471 1232 1485 ’

191 1569 233 1618 tt.
268 1571 320 1631 Ap.
338 1571 410 1621 lton.
427 1584 454 1632 p.
477 1569 543 1635 183,
570 1570 596 1618 t.
621 1583 647 1618 r.
668 1569 763 1631 Veget
778 1581 831 1631 pro
848 1572 963 1633 vegetat
981 1571 1025 1622 vel
1043 1573 1129 1638 erigit
1146 1579 1192 1628 rel

122 1653 252 1715 vegetum
270 1655 376 1704 est.-
399 1655 433 1704 at
447 1653 555 1718 potet.
573 1666 598 1702 e
618 1665 697 1715 qnam
714 1655 819 1715 potest.
851 1656 883 1708 et
896 1657 965 1719 pote
988 1653 1026 1720 ej.
1043 1657 1123 1722 Lips.
1140 1663 1190 1725 ltp.

123 1738 238 1795 (tuaest.
255 1739 310 1802 lv,
335 1738 378 1787 tl.
412 1739 505 1790 Verba
522 1736 650 1789 videntur
669 1736 745 1788 (licta
757 1749 828 1788 esse
848 1739 882 1790 lo
898 1741 1008 1794 mundo.
1044 1743 1086 1796 Gt.
1105 1758 1192 1856 snpra

124 1821 160 1870 arl
177 1821 211 1872 tr.
230 1824 289 1874 Sat.
307 1823 352 1874 De
365 1823 479 1876 Salate

578 2013 730 2026 —n—n—-n

503 2180 577 2230 nin.
612 2156 813 2231 Mantinon.

192 2286 263 2343 „llac
284 2283 366 2331 Satira
387 2285 510 2330 contendit
535 2286 624 2331 inanes
646 2286 795 2340 aupitltates
818 2289 842 2332 et
858 2295 926 2332 vena
944 2286 1027 2332 studia
1044 2288 1115 2343 vulgi
1138 2301 1193 2340 cum

129 2352 315 2401 oblectamentis
330 2362 475 2419 puerorum,
493 2358 517 2397 et
535 2355 664 2407 elegantes
679 2353 743 2401 istos
760 2352 883 2412 nomines,
900 2364 964 2409 quos
981 2355 1071 2414 voello,
1091 2360 1193 2415 suppel-

125 2425 183 2481 lex,
215 2431 328 2475 gemmae
348 2412 480 2473 cetoraoue
505 2421 603 2475 generis
624 2423 737 2474 eiusdem
755 2420 828 2466 nimio
847 2432 924 2475 opera
948 2423 1085 2484 delectant,
1103 2427 1193 2482 magis

125 2501 219 2545 pueros
239 2501 299 2536 esse
319 2488 405 2547 tacet,
429 2497 503 2543 quam
519 2500 579 2546 eos,
603 2490 644 2542 qul
661 2492 691 2535 ot
710 2488 902 2535 imbecillitatem
920 2491 1010 2538 aetatis
1031 2496 1080 2543 noe
1096 2496 1193 2541 nomine

125 2554 285 2605 censentnr‘.
309 2560 412 2612 l‘opma
434 2558 502 2611 Quae
520 2558 663 2611 conjectum
680 2568 725 2612 per
741 2567 771 2605 ae
785 2557 882 2610 utitem
896 2570 946 2603 uon
962 2558 1131 2613 improbabilis
1146 2568 1194 2619 ast,

125 2636 275 2680 quamquam
297 2625 373 2671 certis
393 2624 491 2671 inlieiis
516 2630 591 2673 cerea
628 2620 715 2671 Marci
732 2625 839 2671 nominis
858 2625 883 2671 in
902 2629 1027 2672 vocabulo
1049 2624 1195 2692 Marcipore

125 2695 213 2769 eadem
234 2694 296 2740 ratio
319 2704 379 2741 esse
401 2691 508 2753 uitetur,
537 2703 610 2748 onam
632 2692 823 2749 explanavimus
845 2704 921 2750 supra
939 2695 970 2741 ad
987 2694 1061 2742 lnser.
1078 2692 1193 2744 331.Βί-

122 2774 214 2809 moret.

151 2880 180 2941 l.
215 2874 341 2961 Spatule
363 2874 492 2941 eviravit
512 2896 620 2941 omnes
641 2876 823 2962 venerivaga
842 2896 965 2963 pueros.

147 2988 177 3051 2.
210 2986 293 3051 Dein
311 2985 450 3051 immittit
466 2986 553 3052 virile
571 2993 727 3053 veretrum
738 2986 780 3050 ‘in
802 2971 938 3053 frumen:
956 2990 1090 3055 offendit
1109 2992 1194 3056 buo-

210 3116 276 3161 cam
298 3095 475 3162 Volumnio.

147 3205 176 3269 3.
208 3203 379 3282 Delumbe.,
401 3203 544 3290 bipennis
566 3210 602 3267 ut
624 3204 699 3269 levis
720 3203 922 3287 passercuius.

148 3317 177 3378 4.
211 3311 331 3389 Eodem
352 3310 519 3397 conjecisse
539 3330 624 3374 mera
645 3310 793 3374 miracula
814 3310 917 3375 nescio
937 3328 1007 3395 qua.

148 3422 195 3487 5?
211 3420 254 3487 Ut
275 3426 324 3483 eat
346 3440 380 3483 ao
402 3418 623 3503 rempublicam
641 3418 808 3497 ministret,
827 3417 909 3503 quod
932 3415 1007 3504 pulli
1024 3416 1152 3504 jcntcnt.

149 3532 178 3595 o.
213 3527 277 3608 Qui
299 3528 373 3615 quid
395 3528 553 3594 evidenter
570 3529 770 3595 circumstant
789 3550 851 3594 non
872 3528 946 3595 item
965 3529 1057 3594 credo
1077 3528 1195 3595 vidore:

213 3638 326 3705 hiantis
347 3638 453 3719 video,
476 3640 608 3719 videntis
629 3624 692 3705 non
715 3638 812 3715 video.

141 3749 179 3812 -i.
213 3748 281 3815 Utri
304 3750 401 3837 magis
422 3758 495 3816 sunt
516 3749 626 3838 pueri?
660 3747 692 3813 hi
715 3749 818 3835 pusilli
847 3748 940 3834 nigri,
977 3750 1030 3834 qni
1059 3757 1197 3834 spectent

215 3857 381 3938 nundinas,
404 3869 440 3926 ut
461 3862 605 3946 magister
625 3858 759 3926 dimittat
780 3858 891 3935 iusum.

154 3963 182 4031 8.
215 3967 257 4031 Et
280 3968 452 4054 Diogenes,
477 3980 637 4049 ὁκυιικὸς,
661 3969 714 4054 qui
739 3968 778 4033 ab
799 3968 976 4033 Alexandro
1005 3988 1077 4050 rege
1094 3966 1197 4049 jussus

218 4084 335 4160 optare,
359 4078 434 4162 quid
456 4078 557 4154 vellet,
579 4096 611 4141 se
633 4076 795 4147 iacturum.
