2934 4750
417 295 457 340 as
483 296 693 342 oasssorsrur
716 295 933 345 sessoriano.
1170 280 1214 344 ib

143 461 230 528 siouli
244 461 416 529 doTutano
437 471 468 528 et
481 463 618 530 lutitina
637 463 818 550 superstites
839 472 927 530 sunt:
947 464 980 530 in
995 461 1115 544 Satura,
1132 486 1211 554 quae

143 580 209 639 erat
225 586 295 656 nepo
311 584 478 657 ’upapam
496 571 555 638 luit
574 573 800 654 Andromedae,
820 574 854 640 in
865 573 1040 663 abrepere
1057 575 1116 642 tuit
1131 577 1210 644 ble-

140 682 214 748 deae
239 681 342 747 tabula
370 689 494 748 narrata
518 689 550 748 et
575 683 608 750 in
630 682 809 770 fragmentis
828 683 998 752 Promethei
1015 685 1121 752 Liberi
1144 685 1209 774 ipso

139 792 247 872 beros,
281 812 390 880 aquo
417 791 497 864 liber
521 791 688 885 inscriptus
715 802 780 874 ast,
813 793 1019 862 introducitur
1040 815 1059 860 a
1080 794 1209 864 Caucasi

139 902 283 990 rupibus,
315 901 431 989 quibus
457 901 584 970 affixum
610 902 704 973 luisse
729 925 802 970 eum
828 905 955 992 antiqua
981 903 1062 972 sama
1083 905 1209 994 larebat,

137 1012 176 1080 de
204 1011 399 1100 iniquissima
426 1033 483 1080 sua
508 1021 591 1081 sorte
618 1034 822 1102 conquerens.
869 1015 954 1082 Haeo
982 1014 1020 1080 ad
1045 1014 1208 1102 mytholo—

136 1122 228 1210 giam„
269 1121 416 1188 Historioi
440 1123 561 1210 generis
588 1123 708 1210 aliquot
734 1123 906 1208 fragmenta
925 1131 1048 1190 exstant
1070 1125 1102 1190 in
1127 1124 1208 1190 reli-

134 1233 217 1327 quiis
238 1232 418 1327 Satludrum
441 1244 755 1320 Paponodsdoosailoo,
780 1245 850 1317 Περὶ
867 1239 1038 1317 Ἐξαγωγῆσ,
1068 1248 1128 1302 Τοῦ
1147 1249 1210 1302 Πα-

133 1356 202 1428 speie
222 1355 265 1414 Τὸ
283 1357 423 1425 Παιδίον,
445 1357 509 1426 napi
527 1357 733 1423 Παιδοποιΐαε,
755 1339 901 1420 smum}
928 1353 992 1425 scapi
1011 1348 1210 1425 Ἆριαιρεσιῶν,

133 1472 268 1540 quaram
295 1453 328 1518 in
359 1449 461 1537 prima
486 1450 540 1517 Μ’.
563 1450 651 1518 Curii
675 1449 805 1517 Dentati
833 1447 988 1536 quoddam
1014 1448 1147 1528 lacinus,
1178 1449 1209 1515 in

132 1563 233 1630 altera
251 1559 291 1626 de
306 1559 489 1626 Hannibalis
508 1568 618 1639 morte,
638 1559 671 1625 in
691 1559 783 1626 tertia
803 1557 841 1626 de
858 1559 910 1648 Sp.
930 1557 1056 1628 Carvilii
1077 1557 1209 1626 divortio

131 1677 338 1748 memoratur,
351 1676 392 1747 et,
405 1668 568 1748 Sarouon,
585 1682 648 1755 περὶ
662 1678 853 1754 bononense
867 1668 907 1736 ad
926 1690 1019 1756 quem
1038 1669 1207 1758 pertinue-

131 1782 185 1862 rit,
209 1780 277 1868 ipsa
299 1778 459 1866 inscriptio
478 1778 600 1844 indicat
641 1778 787 1866 Denique
808 1778 841 1844 in
863 1777 980 1846 rituum
1002 1800 1128 1868 quoque
1148 1800 1206 1848 sa-

132 1911 260 1958 crorum
281 1896 484 1976 veterumque
501 1888 716 1954 institutorum
737 1887 919 1956 memoriam
931 1890 1104 1956 Varronem
1123 1889 1206 1958 baud

130 2021 203 2067 raro
230 1998 372 2066 incidisse
395 2019 493 2086 prum
521 1998 671 2077 aliarum,
701 2004 770 2064 tum
792 2019 900 2066 aarum
922 1997 1104 2068 Saturarum
1124 2000 1206 2067 reli-

131 2109 224 2199 quiae
243 2108 335 2175 bodie
351 2107 496 2194 exemplo
515 2115 598 2187 sunt,
615 2128 696 2194 quae
719 2107 932 2175 inscribuntur
950 2119 1117 2194 Ἱπποκύων,
1137 2124 1207 2196 Περὶ

132 2236 291 2307 Κεραυνοῦ,
308 2218 477 2285 Pseudolus
496 2217 614 2304 Apollo,
629 2229 693 2301 sapi
713 2233 794 2286 Θεῶν
809 2226 1008 2300 Cissyros-rrae,
1025 2219 1206 2304 Seoeaqessts.

215 2331 328 2417 Neque
341 2334 453 2395 sutem
476 2323 654 2413 hujusmodi
675 2323 906 2391 laudationibus
928 2325 1047 2409 solum,
1068 2324 1123 2393 sed
1144 2325 1207 2393 de-

130 2440 264 2508 testabili
295 2438 390 2504 etiam
425 2435 556 2501 aliarum
588 2454 694 2500 renam
724 2434 874 2499 varietata
903 2435 1004 2502 Varro
1033 2435 1205 2523 jucundum

129 2571 224 2618 suum
246 2568 327 2635 opus
345 2545 476 2612 reddero
495 2542 623 2609 studuit
665 2541 742 2623 Quo
761 2542 913 2629 pertinet,
935 2544 1019 2631 quod
1035 2545 1206 2613 Gramma-

127 2661 224 2726 tioam
251 2656 367 2745 passim
393 2652 566 2719 illustrabat
585 2656 654 2731 1ὅ),
690 2659 854 2737 poetamm
881 2674 1028 2721 conmuas
1053 2654 1206 2723 irsstitae-

127 2770 184 2835 bat
208 2771 278 2844 1⁶),
313 2771 345 2830 et
372 2762 470 2851 ipsius
492 2781 619 2851 quoque
644 2780 774 2847 poeseos
797 2762 973 2851 artiumque
994 2764 1205 2835 liberaliorum

129 2878 252 2945 oulturu
274 2873 456 2941 suavissimo
474 2870 599 2960 eloquio
619 2870 862 2939 commendabat.
884 2872 1153 2954 Quemadmodum
1171 2879 1203 2944 in

129 2983 414 3062 permanserant,
437 2981 557 3049 dicens:
575 2982 733 3061 „Dimittis
753 3004 838 3050 acres
855 2992 978 3071 pectore
1000 3008 1089 3055 ouras
1111 2996 1204 3055 cantu

129 3103 275 3182 castaque
297 3093 421 3180 poesi.“‚
442 3112 504 3179 qua
526 3090 617 3158 laude
636 3092 800 3159 Musarum
823 3093 898 3179 quid
918 3093 1038 3161 dulcius
1060 3098 1128 3161 est?
1150 3105 1204 3162 aut

129 3205 206 3291 quid
231 3202 370 3271 festivius
397 3200 458 3267 illis
483 3199 643 3265 versieulis
666 3200 699 3264 in
722 3199 833 3267 Satura
850 3210 935 3280 ”osae
954 3218 1067 3285 nopae,
1091 3204 1203 3290 quibus

128 3314 294 3381 Musarum
315 3316 545 3393 eoatomptores
563 3314 661 3371 areat:

201 3590 246 3650 ¹⁵)
266 3590 302 3640 v.
325 3589 361 3640 tr.
384 3586 483 3654 Psppt
499 3589 553 3640 ast
568 3587 735 3655 Ismenos.
770 3590 802 3639 ln
824 3589 1069 3647 rammasses.
1089 3596 1131 3649 lt.
1150 3612 1201 3651 ex-

131 3676 268 3741 pnostnr,
290 3673 356 3738 quid
376 3671 506 3725 uaesana
519 3674 640 3739 Poeno,
661 3673 763 3726 Possis
781 3676 810 3727 et
827 3675 953 3729 Paetino.
988 3677 1031 3731 ct.
1055 3680 1090 3733 tr.
1110 3683 1200 3735 Kava-

129 3757 238 3811 oraora

198 3844 244 3901 ιο)
264 3843 300 3892 V.
319 3841 452 3896 Bostare.
472 3841 508 3892 tr.
530 3840 574 3891 tt.
598 3841 633 3893 de
657 3838 708 3892 (tn.
728 3842 851 3895 bertulo
871 3842 1008 3899 clodiano
1030 3847 1126 3913 inepto
1149 3864 1200 3903 oo-

128 3926 297 3977 nsoot'nrrnrr
318 3926 469 3991 uapore
512 3925 648 3979 Parnasso.
672 3926 708 3977 fr.
731 3924 790 3976 iba
822 3928 875 3992 „In
897 3930 995 3993 ouibus
1019 3934 1146 3994 partibus
1170 3935 1199 3984 in

129 4010 300 4074 argumentis
316 4009 460 4064 caseum·
478 4012 574 4075 possit
588 4010 706 4075 psham
715 4044 726 4076 ,
746 4009 774 4063 br
791 4001 890 4076 ἤθεσιν
907 4014 1072 4081 Terentius,
1087 4016 1116 4067 ln
1136 4028 1199 4066 ser·

129 4094 256 4147 nasibus
272 4094 420 4149 tranans
