2934 4750
282 277 347 344 10⁸
618 298 652 340 ιι.
674 293 828 343 rumen
851 294 1009 372 rameru

281 483 306 528 p.
322 469 349 516 ὁ.
372 473 398 514 et
414 461 526 524 lnprlnnls
548 465 699 514 mom.
720 467 815 514 Aneea.
836 468 994 547 (teverti,
1015 466 1115 528 pm
1150 469 1277 522 suenus
1293 475 1345 522 lle·

281 540 346 586 ιιιιι
365 535 486 593 pecnrtarl
508 533 592 581 libelle
615 524 678 594 aspi
702 527 753 580 ceri
777 526 870 594 γνῶθι
859 501 997 583 ισαυτόν
1020 537 1083 597 egit,
1111 543 1136 586 et
1157 539 1238 587 Pcrslt
1257 543 1345 590 satura

283 611 371 664 auena
384 608 433 651 nec
451 608 585 660 praecepte
603 601 715 652 mucela
732 601 823 684 nltltun
1177 641 1181 648 .

303 721 330 784 l.
365 719 476 786 Nonne
506 716 664 782 hominem
695 677 834 785 scribunt
866 732 933 784 esse
966 718 1135 804 grandibus
1165 723 1343 807 superciliis,
1452 795 1453 818 χ

365 827 495 894 silonem
528 826 728 913 quadratum,
763 825 847 913 quod
870 825 991 894 Silenus
1019 827 1146 897 hirsutis
1175 833 1343 918 superciliis
1452 825 1453 828 ¹

364 937 554 1022 fingeretur?

299 1049 330 1113 2
364 1047 435 1114 Non
456 1045 673 1112 animadvertis
693 1043 839 1122 cetarics,
866 1027 936 1111 eum
957 1045 1062 1112 videre
1084 1047 1223 1114 volunt’
1214 1072 1246 1114 ιιι
1270 1051 1343 1116 mari

363 1154 515 1233 thunncs,
554 1154 758 1220 escendere
748 1176 780 1218 m
809 1154 923 1221 malum
951 1155 1028 1278 alte,
1067 1163 1104 1223 ut
1135 1159 1259 1245 penitus
1291 1181 1342 1247 per

363 1287 475 1354 aquam
497 1264 683 1352 perspiciant
699 1264 821 1352 pisces?

298 1378 329 1442 3.
680 1372 723 1440 Ut
743 1381 900 1442 cremento
922 1395 1051 1460 corpora
1113 1405 1115 1416 ·

362 1484 489 1550 Ficreut
506 1484 635 1572 majera,
656 1504 752 1571 parvo
771 1492 807 1550 ut
829 1491 918 1550 suctu
937 1484 1066 1550 candido

360 1595 470 1660 Laetis.

298 1706 328 1768 4.
359 1702 447 1770 Dein.
460 1705 545 1769 certo
567 1703 630 1772 alui
647 1703 757 1781 ductii,
779 1711 815 1770 ut
835 1703 949 1770 siccum
973 1735 977 1742 ·

361 1813 489 1877 Parerdt
509 1805 752 1898 mansumque
771 1815 919 1878 venarum

362 1920 516 2008 Sanguine
537 1923 618 1989 rives
640 1921 818 2007 compleret.

295 2031 326 2122 6.
413 2081 418 2086 -
562 2099 567 2107 ,
649 2011 725 2098 Ἧι
744 2030 845 2096 sideru
869 2030 944 2098 caeli

359 2138 491 2218 illenim,
513 2139 628 2205 circum
645 2144 761 2206 terrim
783 2148 877 2226 atque
899 2159 988 2206 exem

344 2249 448 2329 Quae
472 2250 640 2318 vdlvuntur
661 2256 756 2314 motu
773 2249 885 2314 dubito.

296 2358 325 2426 6.
359 2360 430 2429 Non
458 2359 581 2426 subsilis
609 2380 644 2426 ac
664 2358 807 2447 plaudis?
842 2358 933 2429 stab
955 2361 1052 2427 Arato
1071 2380 1179 2469 posces
1200 2358 1340 2475 astricem

359 2472 526 2536 coronam?
569 2470 655 2549 Quid
672 2471 757 2535 enim
776 2469 836 2535 lroc
856 2468 987 2534 mitius?

295 2580 325 2644 Ἰ.
360 2579 504 2647 Caudens
525 2599 654 2666 corpere
675 2586 784 2645 taurus
803 2579 896 2645 trivio
918 2578 1035 2644 lumine
1052 2580 1167 2643 Lunae.

294 2686 324 2755 8.
357 2689 444 2758 ΝἰΙιιΊ
464 2696 538 2757 sunt
554 2690 664 2766 Musae
685 2683 790 2775 politis
810 2696 945 2767 vestrae,
967 2709 1044 2774 quas
1063 2687 1185 2753 aerilice
1207 2685 1303 2752 duxti.

294 2798 325 2861 s.
680 2798 996 2875 denuntiemus
1015 2805 1051 2865 ut
1153 2786 1160 2793 ’

358 2906 509 2971 Paruulus
528 2909 627 2970 Amor
645 2905 774 2977 ardileta
794 2892 934 2993 lampade
952 2908 1037 2973 arida
1107 2922 1110 2929 '
1189 2894 1193 2901 ⁴

358 3018 439 3100 Agat
461 3014 591 3078 meantis
611 2997 802 3080 aestuantis?

275 3123 324 3189 10.
354 3125 398 3191 Et
422 3144 477 3191 rex
504 3131 537 3190 et
561 3123 700 3190 misellus
725 3124 778 3191 illc
812 3146 929 3211 pauper
954 3134 1038 3193 amat
1070 3124 1225 3209 habetque
1256 3122 1343 3189 intus

357 3236 460 3322 ignem
477 3254 591 3301 aerem:
609 3235 660 3301 hic
677 3234 824 3301 ellectum
845 3234 1028 3315 mulieravit,
1048 3234 1097 3299 hic
1116 3234 1153 3301 ad
1173 3232 1342 3301 moechede

356 3346 584 3413 adulescentem
602 3346 778 3412 cubiculum
799 3344 926 3431 pudoris
945 3344 1064 3430 primus
1087 3342 1204 3431 polluit

273 3458 322 3519 ll.
356 3453 437 3540 Age!
460 3477 542 3521 nunc
561 3453 712 3539 contende
732 3448 864 3520 alterum
881 3474 978 3538 genus
1004 3464 1181 3539 φιλοθέωρον
1203 3448 1342 3537 nequid

356 3562 399 3627 ihi
419 3565 531 3630 viderit
555 3560 679 3627 melius!

265 3670 321 3737 tr„
355 3670 420 3748 Qui
441 3672 503 3737 sint
524 3670 693 3737 secundum
716 3679 858 3739 recturam
878 3670 1006 3759 perlecti
1024 3668 1182 3747 homines,
1217 3674 1342 3733 utnon

355 3779 448 3845 medo
470 3800 524 3845 eos
545 3787 732 3867 spectemus,
753 3781 917 3846 sedetiam
938 3781 1104 3846 imitemur.

338 3927 363 3979 1.
398 3931 450 3992 Ap.
467 3931 540 3981 Non.
558 3944 585 3993 p.
607 3929 653 3997 25,
682 3930 725 3980 21.
749 3944 775 3983 v.
802 3928 916 3980 sllones
935 3926 1098 3992 supercillls
1118 3924 1343 3989 prcmluentibus

270 4013 350 4078 dicti,
368 4010 576 4078 significatione
592 4017 702 4078 aperta.
718 4042 753 4051 —
770 4012 872 4065 Nonne
888 4026 946 4065 noc
963 4026 1050 4065 uuum
1066 4024 1125 4065 scr.
1145 4008 1244 4076 Cede,
1264 4010 1342 4072 quud

269 4098 437 4166 conjectura
451 4099 666 4151 emendavimus.
700 4098 803 4164 Nesus
816 4100 891 4151 enlm
906 4097 1071 4150 relNcnac
1085 4108 1149 4151 eum
1166 4106 1262 4147 secem
1278 4105 1345 4147 scr.
