2934 4750
279 298 320 358 10
665 307 896 353 connuhio
918 309 959 352 ll!

279 483 314 559 4)
351 479 445 544 Varro
465 477 499 540 tc
518 472 683 549 sodoclis,
710 474 788 539 libro
805 483 905 540 serto:
926 473 981 550 „ln
1000 472 1088 538 nullo
1109 493 1220 540 suarm
1237 473 1350 552 bonus,

343 587 396 656 sed
417 587 449 651 in
469 604 502 649 so
524 602 645 668 semper
666 583 845 668 pessimus.“

364 696 458 762 Vides
492 692 565 758 satis
596 691 732 778 amplum
762 691 984 758 sententiarum
1014 692 1163 760 Varronis
1196 691 1349 759 delectum

279 810 373 890 luisse
398 812 556 891 oportere,
588 801 702 889 quippe
725 800 804 866 liber
825 809 930 868 sextus
951 809 984 867 et
1004 802 1155 888 septimus
1175 802 1242 889 eius
1261 803 1348 868 citeri

280 924 410 1004 poteret.
447 912 536 980 Unde
558 912 657 997 possis
678 913 770 979 simul
791 933 899 978 eorum
922 909 1128 997 conjecturam
1149 910 1266 997 alioqui
1285 931 1349 976 nou

279 1028 391 1094 malem
419 1022 572 1101 refellere,
607 1022 661 1108 qui
687 1021 884 1088 Vincentium
907 1021 1170 1100 Bellovacensem,
1203 1021 1348 1088 Codicum

279 1137 454 1206 Vicetinum
471 1132 715 1217 Palatinumque
738 1131 873 1216 priorem
890 1132 1003 1210 secuti,
1021 1132 1054 1197 in
1073 1131 1186 1217 quibus
1203 1132 1349 1218 inscripta

279 1254 353 1314 sunt
370 1244 422 1310 illa
441 1241 603 1329 proverbia
615 1239 782 1321 „Varronis
803 1240 841 1305 ad
851 1240 1041 1306 Pariorum*
1055 1249 1087 1306 et
1101 1241 1158 1319 „ad
1167 1240 1347 1307 Athenien-

279 1378 344 1422 sem
360 1355 562 1429 auditorem‚“
583 1357 732 1436 putarunt
753 1350 938 1436 opuseulum
959 1352 999 1416 ch
1022 1351 1090 1435 ipso
1105 1351 1244 1417 Varrone
1265 1372 1347 1418 con-

279 1465 425 1552 scriptum
452 1481 519 1528 csse
543 1462 574 1525 in
596 1479 688 1526 usum
712 1458 914 1526 adolescentis
936 1461 1025 1528 amici
1051 1460 1224 1528 studiorum
1252 1463 1348 1546 gratia
1452 1464 1453 1521 i

278 1574 409 1640 Athenis
437 1570 601 1646 versantis,
630 1589 721 1656 quem
753 1569 867 1635 scilicet
893 1571 945 1636 ille
967 1571 1004 1636 iis
1026 1571 1196 1658 praeceptis
1218 1573 1347 1656 elegan-

278 1692 326 1748 ter
350 1691 393 1748 et·
407 1681 481 1746 scite
503 1678 660 1744 admoneri
684 1679 841 1745 voluisset
883 1680 993 1768 Neque
1016 1682 1099 1747 enim
1124 1701 1263 1767 unquam
1284 1682 1347 1748 veri

279 1792 378 1857 simile
397 1799 452 1867 est,
471 1792 641 1855 Varronem
660 1787 832 1854 elaborasse
851 1798 1083 1876 praeceptorum
1101 1791 1254 1856 bonorum
1271 1812 1347 1856 mo-

280 1903 341 1967 lem
368 1919 422 1966 sex
449 1906 605 1985 septemve
631 1898 717 1964 libris
740 1899 1008 1985 comprehensam,
1040 1921 1103 1986 qim
1124 1899 1210 1966 illurn
1231 1919 1348 1983 prose-

279 2018 435 2096 queretur.
479 2008 539 2074 Sed
559 2008 706 2073 hactenus
728 2008 767 2072 de
786 2008 843 2073 hac
861 2031 903 2074 re.
921 2046 963 2056 —

362 2119 505 2184 Vidimus
533 2118 627 2201 igitur
653 2137 760 2184 causas
794 2119 937 2184 interitus
967 2117 1231 2184 Varronianorum
1264 2139 1348 2202 ope-

280 2249 349 2294 rum
373 2228 472 2294 varias
494 2227 587 2292 luisse
609 2247 644 2292 ac
666 2233 776 2302 tantas,
795 2228 898 2292 utrix
920 2227 1095 2293 mirandum
1118 2236 1207 2304 esset,
1228 2235 1349 2312 praeter

279 2339 374 2405 libros
395 2337 432 2403 de
454 2337 487 2403 L.
508 2337 541 2403 L.
564 2344 596 2403 et
614 2338 652 2404 de
670 2339 707 2403 R.
725 2337 771 2414 R„
793 2357 856 2403 non
882 2337 971 2423 plura
990 2337 1029 2403 de
1054 2336 1113 2403 illis
1135 2344 1255 2402 servata
1273 2357 1347 2402 esse.

278 2450 357 2516 Nam
388 2449 465 2513 liber
493 2447 530 2511 de
558 2445 777 2525 Arithmetica,
807 2468 900 2532 quem
932 2469 971 2512 ex
997 2467 1108 2512 novem
1138 2446 1347 2532 „Disciplina-
1451 2449 1452 2460 ’

280 2566 368 2623 rum“
386 2555 594 2623 voluminibus
611 2555 808 2641 superstitem
822 2558 939 2621 Romae
956 2558 989 2623 in
1004 2556 1189 2624 bibliotheca
1202 2556 1348 2621 Lauren-

278 2668 314 2733 tii
340 2667 466 2732 Strozzii
488 2666 658 2732 Cardinalis
680 2686 746 2731 sese
768 2664 880 2730 vidisse
903 2673 1032 2732 testatur
1045 2665 1226 2732 Vertranius
1248 2666 1348 2730 hlau-

278 2781 419 2852 rus10),
454 2773 636 2845 numlorte
663 2774 756 2839 hodie
785 2794 909 2860 quoque
938 2774 971 2840 in
996 2776 1083 2841 ltalia
1108 2774 1220 2842 alicubi
1249 2775 1348 2850 lateat,

279 2882 464 2967 ignoramus.
507 2882 567 2947 Sed
587 2882 732 2967 iniquitas
757 2890 932 2968 temporum
954 2892 1017 2949 tam
1044 2884 1141 2949 multa
1165 2883 1255 2947 nobis
1280 2882 1348 2946 eri—

279 2992 357 3077 puit,
377 2999 413 3058 ut
435 3012 532 3077 paene
556 2992 657 3057 omnis
680 3012 750 3077 spes
771 2994 939 3072 evanuerit,
958 2993 1032 3071 iore,
1048 3002 1084 3058 ut
1102 2993 1141 3058 de
1157 2992 1244 3057 libris
1261 2992 1348 3057 Ver-

278 3101 363 3166 ronis
387 3100 502 3186 aliquid
525 3102 596 3166 novi
619 3108 650 3165 ct
678 3101 789 3185 integri
811 3102 911 3167 adhuc
931 3104 1111 3189 reperiatur.
1153 3101 1278 3187 Eripuit
1298 3100 1350 3164 illa

279 3211 371 3277 etiam
394 3209 597 3295 lepidissimas
618 3209 744 3275 Saturas
765 3212 962 3298 Menippeas,
987 3211 1206 3297 juveniliorum
1225 3211 1350 3273 Varro·
1450 3299 1451 3304 ἵ

280 3320 327 3386 nis
353 3322 526 3411 Musarum¹
545 3341 689 3397 munera,
722 3341 780 3387 uec
808 3342 902 3387 mam
929 3321 1037 3386 saltem
1063 3342 1101 3385 ex
1128 3327 1215 3385 tanto
1242 3338 1351 3383 earum
1450 3381 1451 3392 ,

281 3449 411 3494 numero
446 3428 640 3493 delectationi
676 3438 799 3495 nostrae
835 3431 950 3496 salvam
984 3451 1052 3497 esse
1083 3428 1189 3494 voluit.
1243 3425 1351 3505 Quid?
1450 3437 1451 3446 ’

350 3600 393 3657 ¹⁸)
409 3597 438 3647 in
453 3597 521 3647 Vite
538 3597 686 3647 Varronis.
720 3601 794 3650 Iden
811 3604 932 3651 testatus
950 3603 996 3650 est
1010 3602 1050 3648 Μ.
1068 3596 1236 3648 Vertrnnius
1254 3596 1353 3646 Alcis·

280 3684 335 3745 tus,
353 3683 389 3731 V.
408 3683 516 3731 Ausou.
532 3682 624 3743 Popm.
643 3683 697 3733 1.1.
714 3696 741 3745 p.
761 3685 829 3733 49⁷:
844 3685 953 3749 „tium
970 3688 1027 3743 (sc.
1043 3683 1144 3732 librum
1160 3676 1301 3730 Varronis
1317 3680 1352 3728 de
1450 3683 1451 3742 ξ

277 3765 473 3823 Arithmetica)
493 3777 573 3814 manin
593 3767 761 3829 descriptum
780 3768 861 3817 hodie
880 3780 990 3832 quoque
1009 3765 1190 3828 superstitem
1216 3774 1299 3824 osse,
1323 3767 1353 3812 et
1450 3791 1451 3800 .

279 3850 385 3898 homae
407 3848 436 3897 in
460 3848 634 3901 bibliothecis
656 3853 835 3901 adservatum
859 3852 965 3901 vidisse
988 3853 1110 3900 testatus
1126 3852 1164 3898 Μ.
1180 3847 1351 3897 Vertrsnius

279 3932 408 3982 alciatus
427 3934 481 3982 hoc
503 3934 618 3996 amplius
637 3948 669 3983 se
688 3936 824 3985 editurum
845 3936 1010 3998 pollicetur,
1033 3935 1106 3995 quod
1125 3935 1230 3994 temen,
1254 3931 1351 3991 credo,

275 4013 352 4080 juris
372 4015 465 4065 civilis
484 4019 675 4083 professione,
700 4018 729 4067 in
752 4032 805 4081 qua
827 4019 943 4069 maxime
967 4018 1117 4081 excelluit,
1142 4020 1172 4066 et
1189 4014 1352 4080 graviorum

280 4098 490 4161 disciplinarum
507 4102 609 4151 studiis
624 4101 771 4162 impeditus
789 4115 846 4151 non
861 4100 1033 4163 praestitit.“
1049 4126 1085 4139 -
