2934 4750
352 331 385 370 u.
409 329 438 370 r.
461 325 618 371 varronrr
641 325 777 378 aarum
799 327 978 370 usurarum.
1173 307 1196 368 b

127 497 208 561 enim
231 494 414 580 plerumque
436 492 512 558 illud
530 491 623 558 luisse
645 501 676 557 et
695 491 823 569 durum,
843 490 999 557 vocabulis
1019 489 1195 557 obsoletioss

126 604 211 669 ribus
230 624 264 668 ac
283 609 435 668 vetustate
451 622 548 687 paene
570 601 671 668 obesis
691 599 855 679 refertum,
874 608 996 687 praeter
1017 599 1076 664 alia
1097 600 1194 665 testi-

126 713 244 790 monia,
277 713 343 798 ipse
375 710 604 796 deperditorum
638 709 808 795 fragmenta
843 709 978 774 maximo
1009 709 1194 776 documento

126 829 213 886 sunt:
243 841 322 907 quae
352 820 377 885 si
407 820 588 906 perlegeris,
622 826 659 884 tu
686 841 749 884 non
773 818 991 886 Ciceronianae
1019 827 1051 883 et
1079 817 1193 904 probae

126 930 234 994 aetatis
253 930 447 1016 scriptorem,
472 929 525 994 sed
542 929 637 994 Ennii
658 928 846 1013 Pacuviique
868 929 1029 1014 aequalem
1050 927 1091 993 ob
1111 948 1194 993 ocu-

126 1039 172 1104 los
194 1039 308 1104 habere
335 1041 392 1104 tibi
420 1039 579 1105 videberis.
622 1039 687 1105 Nec
711 1036 813 1103 verbis
834 1038 950 1103 absona
973 1038 1101 1103 materia
1122 1035 1194 1109 luit;

126 1167 203 1233 qua,
226 1158 262 1214 ut
286 1157 351 1214 erat
373 1171 437 1214 non
458 1171 496 1215 ex
518 1148 636 1234 vulgari
658 1147 812 1224 doctrina,
836 1146 890 1212 sed
911 1169 951 1211 ex
973 1145 1194 1211 reconditiori-

126 1257 184 1324 bus
205 1258 423 1344 antiquitatum
442 1259 577 1324 lontibus
598 1256 757 1332 dehauste,
769 1277 834 1320 non
854 1255 957 1319 minus
977 1275 1071 1339 quam
1089 1254 1196 1338 impe—

127 1366 192 1431 dito
218 1366 271 1433 illo
296 1368 445 1434 orationis
465 1367 574 1433 habitu
596 1365 730 1432 arbitror
751 1363 854 1429 taedio
878 1363 1003 1428 affectos
1022 1383 1089 1427 esse
1117 1382 1197 1427 um-

126 1476 251 1541 bratiles
268 1477 343 1542 istos
364 1477 621 1543 monasteriorum
638 1474 754 1538 incolas
769 1479 801 1537 et
818 1472 906 1558 quasi
925 1471 1097 1550 deterritos,
1109 1491 1196 1556 quo-

127 1585 230 1650 minus
250 1585 364 1650 sedulis
384 1586 466 1650 curis
486 1604 579 1670 opera
596 1582 745 1648 Varronis
765 1589 932 1647 tractarent
954 1588 1008 1647 aut
1031 1586 1197 1646 servarent

125 1695 170 1758 Et
188 1701 294 1757 tamen
312 1692 429 1770 dubito,
451 1692 526 1778 quin
546 1692 657 1756 honrm
680 1690 799 1756 inscitia
820 1691 943 1776 gravior
963 1712 1030 1756 esse
1050 1691 1110 1755 illis
1130 1711 1196 1775 po-

126 1802 232 1880 tuerit,
252 1822 345 1887 quam
366 1802 496 1868 aliorum
516 1802 649 1878 solertia,
668 1800 722 1886 qui
740 1809 888 1886 tanquam
904 1822 962 1886 pro
976 1800 1100 1886 jugibus
1118 1797 1195 1862 lon-

128 1912 210 1978 tibus
232 1911 381 1977 Varronis
407 1911 526 1997 scriptis
550 1918 623 1976 sunt
645 1909 709 1986 usi,
741 1910 854 1995 quibus
884 1909 1003 1974 steriles
1020 1928 1092 1974 suos
1113 1906 1196 1971 hor-

127 2022 208 2086 tulos
226 2021 389 2106 irrigarent
408 2029 500 2106 etque
519 2020 623 2106 paullo
642 2018 835 2085 secundiores
856 2018 1029 2083 redderent
1053 2020 1090 2083 ln
1108 2038 1195 2103 quo-

128 2150 197 2196 rum
216 2151 345 2196 numero
370 2123 433 2196 non
451 2131 551 2198 solum
570 2129 737 2195 ecclesiasti
756 2137 859 2215 patres
876 2129 1029 2214 multique
1045 2128 1084 2192 de
1104 2125 1196 2191 trivio

129 2237 326 2305 Grammatici
347 2240 480 2307 habendi
500 2247 587 2316 sunt,
610 2239 648 2303 de
669 2237 783 2324 quibus
803 2261 867 2304 non
886 2261 964 2324 opus
981 2245 1029 2302 est
1045 2235 1096 2300 hic
1117 2235 1197 2320 plu-

127 2347 213 2415 ribus
238 2369 423 2427 memorare,
451 2347 674 2416 verumetiam
702 2347 747 2413 illi
769 2348 873 2414 nescio
891 2346 945 2433 qui
962 2346 1118 2420 homines,
1143 2342 1197 2428 qui

129 2458 295 2523 sententias
317 2479 352 2523 ac
371 2458 534 2543 proverbia
554 2478 593 2522 cx
615 2456 699 2520 libris
718 2456 867 2522 Varronis
886 2459 1114 2539 excerpserunt.

213 2566 306 2646 Quod
326 2566 410 2631 enim
430 2565 571 2652 pluribus
588 2563 788 2649 scriptoribus
806 2563 929 2641 accidit,
952 2564 1006 2649 qui
1022 2561 1198 2627 sententie-

127 2697 198 2741 rum
219 2676 267 2740 rel
287 2674 450 2739 crebritate
472 2674 519 2739 vel
544 2672 680 2759 pondere
701 2673 928 2749 excelluerunt,
954 2680 992 2739 ut
1013 2670 1116 2737 nervis
1135 2690 1198 2733 er-

127 2785 219 2850 sectis
243 2791 423 2849 corruerent
444 2792 476 2849 et
502 2784 760 2858 dissolverentur,
788 2782 821 2847 id
843 2782 936 2847 etiam
955 2780 1087 2847 Varroni
1116 2799 1198 2864 pro·

128 2902 198 2978 pter
219 2891 424 2977 ponderosam
445 2902 476 2959 et
497 2895 717 2960 sententiosum
739 2891 935 2979 gravitatem,
952 2912 1014 2977 qua
1032 2890 1098 2976 ejus
1118 2909 1198 2953 ora-

127 3003 172 3067 tio
195 3002 340 3069 excelluit
364 3009 411 3081 ⁸),
446 3003 527 3068 inter
550 3004 711 3089 primarias
737 3023 844 3069 causas
868 3001 975 3067 ruinae
1000 3000 1094 3065 luisse
1123 2998 1198 3062 exi-

129 3110 314 3176 stimandum
340 3120 395 3176 est
437 3112 597 3198 Ejusmodi
625 3112 847 3179 sententiarum
875 3132 914 3176 er
939 3109 1088 3175 Varronis
1114 3124 1198 3192 ope-

128 3219 214 3287 ribus
245 3228 458 3305 excerptarum
489 3221 626 3307 syllogen
657 3221 811 3306 quandam
841 3220 960 3304 primus
984 3216 1102 3281 invenit
1124 3215 1198 3279 olim

128 3327 160 3393 in
196 3327 307 3392 scheda
341 3348 403 3391 non
439 3326 604 3392 admodum
638 3334 760 3393 vetusta
788 3326 922 3411 indeque
950 3323 1141 3408 transcripsit
1167 3324 1199 3387 in

199 3530 227 3587 ⁸)
250 3529 285 3577 V.
306 3540 360 3577 nos
382 3527 456 3579 infre
478 3527 561 3594 hujus
586 3532 829 3583 commentationis
851 3544 877 3582 c.
902 3533 947 3583 lv.
982 3531 1095 3581 interim
1119 3528 1199 3580 sulfi-

129 3612 186 3663 clat
202 3612 285 3661 locus
301 3611 452 3673 Augustini
475 3614 530 3671 (De
549 3612 610 3664 Cis.
628 3616 662 3665 D.
679 3617 727 3679 vi,
745 3616 802 3676 ωε
838 3616 929 3681 „Quis
947 3618 985 3665 Μ.
1002 3617 1131 3665 Varrone
1149 3627 1199 3665 cu·

129 3695 235 3747 riosius
253 3694 310 3745 ista
328 3688 487 3757 qrraeslvitl
508 3697 570 3759 quis
588 3697 695 3748 invenit
712 3692 845 3751 doctius?
867 3699 931 3761 quis
948 3700 1141 3750 consideravit
1155 3705 1201 3749 at·

131 3772 253 3831 tentius'l
278 3778 340 3842 quis
359 3778 506 3829 diustinxit
523 3774 657 3831 acutius‘l
684 3782 747 3845 quis
765 3781 928 3846 diligentius
947 3782 1111 3847 pleniusque
1130 3796 1200 3833 con—

131 3856 265 3925 scripsltl
294 3862 354 3929 qui,
385 3863 496 3917 tametsi
514 3864 603 3916 minus
621 3871 668 3916 est
684 3866 783 3917 suavis
803 3867 933 3930 eloquio,
962 3868 1091 3917 doctrina
1108 3874 1199 3917 tamon

85 3968 93 3983 =
131 3949 159 3998 et
176 3946 326 3997 sententiis
342 3947 388 3997 ita
403 3944 533 4009 refertus
553 3950 613 4015 cst,
646 3953 677 4001 ut
698 3949 727 4000 iu
747 3949 821 4000 omni
843 3950 1015 4013 eruditione,
1047 3964 1128 4014 qrrenr
1146 3964 1199 3999 nos

132 4030 314 4094 sacerdotem,
330 4030 373 4079 iili
387 4035 481 4081 autem
494 4031 638 4083 liberalem
655 4035 776 4096 vocant,
795 4034 958 4085 studiosum
980 4037 1199 4085 cerumtamen

132 4112 186 4163 iste
204 4114 315 4176 doceat,
330 4116 461 4179 quantum
479 4116 641 4168 studiosum
658 4116 813 4169 cerberum
829 4116 931 4168 cicero
950 4113 1100 4164 delectati
