2934 4750
270 331 310 372 ns
333 329 461 373 rsnrcrrs
484 329 598 386 aursus
621 328 769 374 ssrnnss
791 330 1031 376 scaoscsrsrns.
1144 315 1184 375 ul

120 494 246 560 dubium
263 496 351 561 nobis
369 503 424 573 est,
441 495 518 581 quin
538 494 570 561 bi
589 494 658 561 libri
676 495 788 562 alteras
804 516 930 563 suarum
949 497 1185 584 inscriptionum

120 609 221 688 partes
248 624 304 691 per
331 602 611 670 Grammaticorum
639 603 854 691 negligentiam
880 606 1085 692 perdiderint,
1122 609 1187 696 qui,

120 712 264 779 nimirum
288 733 384 799 quum
407 713 518 779 breves
535 733 602 778 esse
621 713 794 792 studerent,
818 714 952 801 integras
974 715 1042 782 illas
1062 716 1187 786 laudare

120 821 284 888 noluerint
1234 892 1238 902 ,

204 919 289 996 llaec
311 930 460 997 hactenus
480 929 519 996 de
536 931 742 1016 Logistoricis.
778 932 921 1012 Quorum
942 935 1079 1020 singulos
1099 937 1188 1006 binas

120 1039 334 1127 inscriptiones
361 1060 476 1127 easque
497 1039 621 1106 Latinas
643 1038 786 1106 babuisse
804 1050 969 1129 postquem
995 1045 1128 1112 vidimus
1154 1056 1187 1113 et

120 1150 162 1214 ita
188 1155 395 1235 comparatas,
425 1157 462 1215 ut
489 1149 574 1235 prior
603 1155 780 1215 constanter
807 1170 921 1217 nomen
945 1153 1105 1238 proprium
1132 1155 1188 1220 id-

119 1279 182 1344 qne
204 1257 389 1345 plerumque
416 1259 590 1324 Romanum
617 1266 712 1337 esset,
744 1257 841 1324 altera
867 1257 939 1324 libri
965 1268 1189 1344 argumentum,

120 1366 158 1433 de
185 1375 248 1454 q'uo
273 1374 369 1443 esset,
399 1365 562 1445 indicaret,
587 1366 651 1453 jam
678 1369 773 1453 porro
801 1388 863 1432 non
884 1366 1021 1436 difficile.
1034 1371 1191 1456 negotium

120 1476 261 1542 uturum
284 1495 352 1542 esse
374 1487 549 1562 speramns,
571 1475 597 1539 si
620 1495 699 1561 quos
719 1476 801 1542 binis
824 1476 1075 1563 inscriptionibus
1097 1479 1191 1546 libros

118 1584 272 1651 Varronis
292 1584 473 1668 conspicuos
495 1583 696 1662 offendamus,
715 1584 896 1672 dijudicare,
916 1593 1022 1655 utrum
1040 1588 1191 1675 Logisto-

117 1693 194 1759 ricis
222 1691 300 1768 sint,
329 1712 369 1756 an
393 1691 511 1757 Setinis
536 1692 734 1780 adjudicandi.
779 1694 906 1761 Saturae
930 1697 1013 1761 enim
1036 1718 1145 1765 omnes
1159 1699 1190 1780 ii

118 1807 230 1878 erunt,
266 1800 319 1888 qui
341 1808 394 1867 aut
416 1808 620 1889 utramque
644 1812 698 1870 aut
722 1803 831 1871 saltem
853 1805 1111 1892 posteriorem
1132 1808 1190 1874 in-

121 1909 319 1996 scriptionem
341 1909 523 1976 Graecam
542 1912 664 1980 habent
708 1914 811 1994 Quam
833 1915 971 2000 regulam
996 1934 1099 1983 veram
1124 1939 1191 1985 esse

121 2010 254 2107 probant
274 2017 453 2086 Satirarum
480 2021 704 2109 inscriptiones,
727 2031 882 2110 quotquot
902 2045 995 2110 supra
1015 2024 1190 2107 babuimus,

121 2136 245 2215 praeter
260 2150 354 2195 unam
374 2131 498 2197 Dolsbm
517 2143 572 2198 act
589 2132 680 2199 Sm'a
700 2132 894 2219 inscriptam,
915 2153 1008 2220 mam
1029 2144 1134 2202 tamen
1151 2136 1191 2203 ab

122 2237 382 2323 Logistoricorum
408 2239 570 2305 titulorum
595 2241 715 2306 ratione
738 2261 866 2326 prorsus
889 2240 1072 2320 abhorrere,
1098 2263 1191 2308 nemo
1298 2267 1301 2270 ⁴
1378 2256 1391 2285 ι.

123 2354 171 2414 est
199 2346 254 2433 qui
282 2366 344 2413 non
373 2346 483 2413 videat
532 2347 647 2414 Similis
673 2354 721 2415 est
748 2348 907 2435 inscriptio
936 2346 1006 2414 libri
1035 2349 1192 2436 enjusdam

13 2514 18 2523 .
122 2454 273 2522 Varronis
293 2454 332 2522 ab
346 2455 449 2523 Nonio
467 2456 629 2521 memorati
645 2457 770 2544 Pcppus
787 2468 840 2523 cac
852 2456 1001 2543 [adipem
1017 2462 1081 2537 ¹¹),
1099 2479 1193 2545 quem

123 2585 286 2652 perperam
306 2562 447 2629 nonnulli
468 2563 549 2629 inter
569 2564 776 2649 Logistoricos
798 2565 988 2645 habuerunt,
1015 2587 1113 2653 qnnm
1134 2588 1193 2633 re·-

124 2674 205 2739 ctius
233 2674 314 2738 inter
340 2671 466 2738 Saturus
488 2671 601 2739 habere
625 2672 795 2754 debebant,
823 2680 855 2740 et
885 2681 1045 2760 reputare,
1078 2676 1194 2764 Pappo,

125 2782 227 2849 Oscae
246 2801 354 2847 scenae
377 2780 505 2849 ridiculo
526 2782 593 2849 seni
613 2782 733 2849 nullum
753 2783 856 2851 locum
877 2784 1107 2851 eoncedendum
1125 2806 1192 2853 esse

125 2892 207 2958 inter
222 2890 402 2975 gravissima
421 2891 682 2978 Logistoricorum
703 2893 829 2959 nomina
849 2892 964 2960 scilicet
983 2895 1065 2962 inter
1080 2895 1193 2961 Tube-

125 3020 232 3078 rones,
249 2999 388 3079 Scauros,
404 3001 562 3080 Messalas,
583 3002 710 3081 Atticos,
732 3002 886 3081 Sisennae,
906 3002 991 3069 alios.
1011 3038 1054 3053 -
1075 3003 1136 3070 Sed
1152 3026 1192 3069 ne

126 3108 241 3174 diutim
269 3107 399 3176 lectores
426 3130 599 3189 moremur,
637 3112 888 3179 enumerabimus
914 3112 977 3200 jam
1003 3134 1058 3177 cos
1088 3113 1193 3190 libros,

126 3236 205 3304 quos
229 3237 268 3283 ex
290 3220 398 3303 regula
423 3226 528 3303 nostra
557 3218 685 3285 Saturae
707 3220 906 3284 vindicandos
929 3240 999 3284 esse
1023 3238 1194 3285 censemus.

127 3324 206 3391 Sunt
232 3325 357 3409 quidem
385 3325 418 3390 hi
445 3326 691 3411 quatuordecim:
737 3326 1109 3411 1)Ἑκατόμβη,περι
1135 3343 1195 3397 Θυ-

128 3448 218 3503 σιῶν.
261 3433 298 3510 2)
315 3447 521 3514 Περίπλους,
540 3446 619 3517 περὶ
641 3438 936 3517 Φιλοσοφίαςη).
978 3433 1014 3513 3)
1038 3447 1195 3520 Ecstor·

128 3557 205 3625 βας,
243 3538 531 3625 περῖἙμμονῆς.
581 3542 614 3619 l)
647 3542 839 3629 Aburiyt'sscs,
879 3555 957 3627 scapi
987 3555 1195 3627 :cuneum

199 3768 244 3825 ιι)
263 3767 310 3818 Sic
325 3767 498 3819 restituimus
515 3768 579 3820 libri
596 3782 706 3835 nomen,
724 3784 777 3833 pro
792 3784 829 3823 eo
844 3774 917 3835 qnod
932 3773 1020 3837 vulgo
1038 3777 1098 3823 est:
1114 3770 1195 3837 Pop-

128 3862 183 3913 pss
213 3852 267 3901 cet
292 3852 385 3903 leden
413 3854 459 3902 vel
486 3852 606 3919 Poppaea
633 3854 687 3904 oet
713 3855 839 3922 lodices.
881 3856 952 3907 Vide
978 3870 1033 3908 nes
1058 3856 1133 3911 intra
1159 3856 1194 3904 su

130 3932 445 4084 'mallissimus
462 4023 566 4072 tanturn
583 4020 655 4085 liber
674 4021 710 4071 11
734 4018 811 4087 srael
832 4019 1057 4086 Φιλοσοφίας
1076 4019 1194 4126 eltstnrs

132 4099 233 4160 prioris
253 4103 299 4150 est
315 4102 430 4165 simplex
447 4103 595 4167 inscriptio
612 4104 640 4153 ln
656 4104 739 4155 Nonii
753 4105 843 4156 libris.
