2934 4750
287 283 350 346 112
625 305 658 346 n.
683 301 836 348 raasson
849 252 1015 348 ¹varronis

372 469 425 535 sed
442 489 478 533 ea
495 469 699 555 potissimum,
720 490 799 556 quae
819 471 909 535 simul
930 471 992 534 sint
1006 486 1131 556 βιωφεκῆ
1149 481 1181 537 et
1202 472 1354 538 delectent

372 580 488 665 potius,
528 587 564 644 ut
597 577 627 644 id
664 590 789 666 quoque
822 579 962 647 videatur
997 602 1059 646 non
1090 580 1223 647 defuisse
1257 583 1352 667 magis

372 711 464 777 quam
488 687 692 776 superfuisse“
719 696 760 767 1).
802 690 901 776 Neque
922 713 984 756 noa
1012 691 1049 756 de
1069 691 1207 756 secandis
1228 715 1351 780 qaoque,

371 800 538 886 eujusmodi
554 821 613 865 ease
629 810 770 886 oporteat,
783 800 953 886 pracepit:
971 800 1018 864 lois
1035 803 1114 868 ennio
1128 803 1226 866 verbis
1240 805 1353 867 atdar:

370 909 548 989 ,‚Bellaria“,
570 911 676 997 inquit,
697 930 754 987 „ea
775 909 907 973 maxime
928 918 1000 975 sunt
1021 910 1145 990 mellita,
1166 930 1247 997 quae
1267 914 1349 977 mel-

310 1007 314 1014 ,
371 1021 424 1085 lita
443 1040 506 1083 non
524 1026 611 1084 sunt:
634 1034 772 1101 napaeas
787 1017 869 1082 enim
890 1039 959 1083 cum
979 1031 1064 1103 πέψει
1081 1021 1210 1085 societas
1230 1021 1349 1086 infidae

258 1121 280 1134 ’
372 1130 461 1207 Quod
486 1130 579 1194 Varro
599 1128 654 1193 boo
674 1129 708 1192 e'a
727 1128 790 1192 beo
811 1127 892 1192 deaei
912 1128 1054 1207 bellaria,
1074 1152 1114 1195 ae
1133 1132 1200 1217 qua
1218 1134 1298 1216 forte
1318 1133 1348 1195 io

370 1242 428 1304 isto
446 1260 515 1304 ooce
533 1239 667 1315 boaeot,
708 1237 858 1323 sipaefleot
877 1238 911 1302 id
934 1239 1110 1304 oocodatam
1129 1261 1216 1305 onem
1234 1263 1349 1306 manoe

369 1349 515 1415 secundae
525 1371 627 1435 penas.
671 1348 749 1414 Nam
767 1369 844 1434 quae
861 1358 991 1429 πέμματα
1017 1347 1130 1413 Graeci
1143 1360 1170 1412 ei
1186 1362 1347 1434 τραγήματα

369 1460 528 1535 de‘eeoaat,
554 1483 590 1524 eo
610 1470 718 1546 veteres
734 1458 833 1521 nostri
852 1457 976 1521 bellaria
995 1458 1226 1552 appellaverant.
1278 1460 1348 1524 Ve'ao

369 1591 483 1657 666666
504 1569 641 1634 dulciora
668 1579 709 1634 est
728 1567 865 1631 caecatae
885 1569 919 1630 e'a
946 1567 1104 1657 comoediis
1128 1569 1348 1654 oateaae'oro'das

305 1713 310 1720 ·
369 1681 423 1745 boc
446 1681 567 1745 aomeia
592 1678 756 1764 appellato,
793 1677 929 1763 dictoque
954 1700 1014 1742 esse
1041 1701 1076 1742 eo
1105 1679 1231 1756 „libai
1253 1677 1345 1743 delto-

369 1790 439 1852 rio“
460 1791 495 1867 0).

352 1914 376 1962 1.
412 1910 740 1974 (1611.11.Δ.11111,11.

309 1997 481 2058 91166161.
506 1997 565 2046 Sat.
591 1995 618 2059 l,
644 1995 684 2044 ta
719 1995 819 2060 „Inter
841 1997 910 2047 baec
934 1997 1096 2060 Euangelus
1116 1997 1205 2059 petitu
1229 1994 1345 2046 omnium

351 2081 534 2144 temperatae,
553 2081 592 2128 M.
607 2078 784 2145 Varronis“,
800 2079 903 2144 inquit,
921 2079 1040 2144 ,dibnrm
1057 2081 1135 2131 vobis
1151 2079 1277 2130 arbitror
1293 2092 1347 2129 non

349 2167 475 2230 ignotum
495 2177 531 2213 ex
553 2163 663 2214 Saturis
685 2163 858 2228 Menippeis,
895 2163 942 2227 qui
962 2163 1124 2216 inscribitur
1144 2163 1248 2214 Nescis
1275 2163 1345 2223 Quid

349 2252 461 2312 Vesper
479 2249 571 2298 Vebat
593 2247 680 2312 (sic),
711 2249 740 2298 in
764 2261 819 2311 quo
843 2248 1026 2300 convivarum
1044 2261 1186 2300 numerum
1205 2249 1261 2296 bac
1282 2249 1345 2310 lege

350 2331 613 2400 aricinamque
630 2332 720 2385 minor
737 2344 817 2397 quam
835 2331 995 2385 Gratiarum
1010 2333 1060 2400 sit,
1079 2345 1168 2397 neque
1185 2345 1267 2396 quam
1284 2333 1346 2382 Mn-

349 2432 443 2471 sarum
462 2417 672 2468 numerosior“.
1085 2433 1088 2439 ’

299 2510 329 2565 1)
346 2506 417 2555 Post
433 2502 599 2554 trabaleato
613 2505 642 2555 et
658 2501 743 2553 deuii
760 2501 899 2554 editiones
917 2504 1001 2566 vrrlgo
1017 2502 1147 2553 inserrmt
1161 2502 1281 2568 Romae,
1300 2505 1347 2552 to-

349 2590 426 2655 6611,
448 2587 578 2652 coastat,
602 2587 654 2637 sed
670 2589 699 2639 et
716 2586 853 2653 Attente,
883 2591 913 2637 et
930 2586 992 2637 inde
1010 2600 1062 2648 pro
1086 2587 1243 2651 accubaret,
1272 2588 1344 2649 quod

243 2716 251 2729 .
349 2669 532 2737 conjecturae
550 2682 603 2732 ope
622 2670 759 2736 dedimus,
793 2672 929 2733 praebent
948 2674 1044 2722 autem
1065 2672 1126 2730 (vel
1141 2675 1207 2729 aot)
1232 2671 1343 2721 cabant.

347 2756 468 2807 sedilia
486 2756 571 2806 verba
586 2767 638 2817 pro
655 2755 830 2819 glossemate
847 2768 913 2805 esse
929 2756 1068 2820 babendo,
1097 2756 1171 2818 quod
1189 2756 1253 2805 olim
1265 2762 1344 2804 mar-

348 2840 407 2903 gini
432 2839 601 2901 adscriptum
625 2838 709 2888 fuerit
733 2840 880 2902 abaliquo
904 2840 951 2902 qui
968 2839 1107 2890 Varronis
1125 2838 1291 2888 sententiam
1311 2839 1344 2887 de

347 2922 503 2972 novenario
530 2934 644 2972 nurnero
667 2923 848 2974 convivarum
874 2920 1040 2973 confirmare
1068 2923 1204 2983 voluerit,
1235 2922 1263 2971 id
1283 2918 1344 2985 jam

348 3007 382 3055 ab
398 3004 462 3053 aliis
473 3001 629 3068 judicatum
643 3010 697 3056 est.
714 3034 742 3045 —
761 3007 887 3059 6666161
899 3009 924 3057 1.
935 3020 962 3057 6.
975 3007 1130 3058 accubanti
1141 3008 1236 3057 iocum
1251 3006 1343 3057 babet.

303 3094 331 3149 c)
351 3087 437 3140 cona.
462 3090 533 3152 Reg.
559 3092 587 3139 et
606 3090 696 3153 Lugd.
720 3089 786 3155 maj.
810 3094 946 3153 praebent
971 3093 1076 3158 weadt
1096 3103 1154 3141 noa
1174 3092 1220 3140 eat
1241 3092 1343 3153 otiam,

346 3172 488 3224 sententia
504 3173 575 3223 satis
593 3176 737 3237 absoluta3
760 3176 809 3225 sed
828 3176 924 3239 sapius
946 3177 1066 3227 obtrudat
1083 3172 1218 3226 Varronis
1238 3174 1342 3223 oratio.

296 3266 325 3319 1)
344 3258 481 3322 Suspicor
502 3259 588 3309 rerba
613 3261 643 3310 et
663 3262 694 3309 io
718 3262 851 3310 coavivio
874 3261 932 3325 1696Ι
952 3275 1013 3323 sqq.
1037 3258 1081 3310 bic
1105 3258 1198 3309 addita
1220 3270 1288 3307 esse
1308 3258 1342 3306 ab

344 3344 439 3406 aliquo
456 3343 676 3407 interpolatore,
695 3343 742 3406 qui
757 3356 793 3393 ea
810 3357 896 3405 supra
912 3345 941 3393 in
960 3345 1053 3394 Gellio
1071 3342 1229 3406 selegisse
1247 3340 1344 3391 memi-

345 3429 434 3476 nerat.
470 3429 553 3478 Nulla
571 3428 642 3478 enirn
661 3430 706 3477 est
727 3428 928 3479 sententiarum
950 3428 1140 3479 cohaerentia.
1174 3428 1272 3476 Locus
1285 3426 1344 3474 ‘bx-

345 3512 402 3558 stat
416 3510 528 3571 plenlus
546 3524 590 3571 ap.
608 3511 679 3560 Geli.
697 3511 722 3577 1,Ι
740 3512 794 3575 22,
815 3512 861 3561 ubi
880 3513 1004 3575 scriptor
1020 3513 1166 3575 disputans
1182 3511 1217 3559 de
1232 3508 1343 3560 ratione

346 3592 424 3640 verbi
443 3604 612 3656 superesse.-
640 3593 717 3657 „Qui
734 3594 845 3658 integre
862 3596 988 3660 autem“,
1011 3595 1116 3660 inquit,
1139 3594 1251 3658 „locuti
1266 3595 1343 3654 sunt,

343 3686 470 3737 magnam
487 3676 594 3736 partem
612 3688 764 3738 superesse
781 3679 821 3729 ita
840 3680 985 3744 dixerunt,
1016 3685 1100 3731 uteo
1119 3679 1207 3729 verbo
1232 3672 1344 3741 signifi-

343 3761 441 3809 carent
459 3756 632 3819 snperiluere
651 3764 679 3810 et
693 3776 885 3826 supervacare
906 3771 991 3829 atque
1011 3778 1078 3816 esse
1098 3776 1186 3825 supra
1205 3772 1345 3811 neeessa-

342 3843 413 3893 riam
431 3843 548 3893 modum.
582 3844 681 3908 ltaque
699 3848 737 3897 M.
756 3851 849 3901 Varro
867 3850 896 3900 in
914 3853 1031 3915 Satura,
1049 3862 1120 3913 quae
1138 3846 1278 3908 inscripta
1297 3847 1342 3894 est

270 3970 273 3975 Δ
342 3927 447 3978 Nescis
465 3926 541 3989 aoso
559 3929 664 3994 Vesper
680 3932 773 3983 Seras
795 3934 894 4001 Vetat,
915 3935 1090 3998 superfuisse
1109 3933 1177 3983 dicit
1194 3929 1341 3979 immodice

341 4014 370 4062 et
387 4010 581 4074 intempestive
598 4014 696 4065 luisse.
731 4017 828 4067 Verba
849 4032 884 4068 ex
907 4021 961 4070 boc
977 4019 1050 4070 libro
1071 4020 1140 4068 baec
1166 4019 1246 4066 strat:
1280 4013 1344 4081 „la
1452 4021 1453 4036 ³

343 4099 476 4149 eoaotoe'o
496 4097 553 4162 teat
570 4112 626 4150 aon
643 4103 741 4151 omnia
758 4100 858 4154 debeat
875 4104 905 4153 et
919 4117 954 4156 ea
972 4105 1171 4169 potissimae,
1205 4113 1279 4165 onae
1302 4101 1346 4149 st-
