2934 4750
303 309 368 370 226
639 323 672 362 u.
696 315 848 364 cannara
871 317 1028 362 rannerus

306 503 379 550 atque
396 494 493 540 lrriaam
510 491 604 549 tuisne,
620 501 676 536 meo
695 490 792 544 pulleni
807 489 901 544 lanicio
918 499 934 534 a
952 499 1012 534 raro
1028 497 1079 532 non
1097 487 1185 542 procul
1202 487 1366 533 aberraverit.

288 567 340 598 '-··
355 561 476 610 varronis
493 563 594 617 satura,
615 554 810 606 aeconomum
824 557 958 615 incripta,
978 555 1118 610 cuiusmodl
1134 554 1272 608 argumenti
1289 554 1367 612 luerit,

305 636 372 678 cerlo
389 630 437 675 clici
453 627 544 682 nequit.
577 627 629 672 sen
645 636 720 680 unum
733 627 870 684 Varronem
886 625 911 670 ln
928 623 1024 670 saturla
1043 627 1140 670 conatel
1156 621 1302 678 Menippum
1320 624 1367 678 cy·

305 699 387 744 uicum
409 697 558 742 aemulatum
582 705 657 751 aare,
682 692 742 738 nilrll
765 692 879 750 impellit,
906 691 1038 747 puomlnua
1061 695 1190 748 putemne,
1218 691 1324 736 Romani
1347 696 1367 736 et

307 764 397 812 Graeci
412 763 501 818 cynici
514 762 613 808 liaelloa
628 760 748 806 rationem
766 766 816 806 riou
834 761 907 806 valde
925 759 1051 806 diversam
1068 757 1194 804 habuisse.

329 880 356 940 l.
389 877 439 942 sic
459 876 510 940 ilie
529 874 651 961 puellus
669 873 800 939 Veneris
824 878 950 958 repente
970 870 1071 937 Adon
1087 870 1197 937 cecidit
1222 879 1366 937 cruentus

391 985 474 1050 olirn.
1150 990 1152 998 ’

327 1097 356 1160 2.
390 1093 417 1158 Ε
441 1111 509 1156 mea
533 1106 712 1178 praeplacita
743 1091 821 1155 natis
847 1111 925 1176 quos
945 1091 1111 1178 Menippea
1137 1089 1273 1158 haeresis
1302 1111 1365 1154 nu-

391 1201 499 1265 tricata
518 1207 566 1264 est
585 1205 704 1264 tutores
725 1198 766 1263 do

459 1307 522 1387 Qui
544 1326 610 1371 rcrn
631 1309 802 1372 Romanam
824 1307 1009 1392 Latiumque
1031 1326 1193 1392 augescere
1214 1305 1321 1373 vultis!

329 1419 358 1482 3.
392 1417 492 1482 Venio
512 1436 594 1482 nunc
615 1415 654 1480 ad
675 1415 805 1481 aiterum
828 1437 925 1498 genus
947 1409 1132 1495 tesiamenti,
1153 1415 1237 1501 quod
1259 1414 1367 1479 dicitnr

393 1540 527 1610 φυσικὸν,
548 1526 582 1590 in
602 1545 665 1610 qno
685 1523 794 1589 Graeci
816 1523 974 1602 bailiama,
996 1545 1089 1610 quarn
1110 1523 1243 1590 Romani
1265 1524 1367 1588 nostri.

330 1639 358 1697 4.
393 1635 425 1698 Si
449 1635 518 1718 quis
546 1632 620 1697 mihi
646 1632 727 1697 filins
750 1651 832 1698 unus
858 1633 1000 1718 pluresve
1025 1633 1058 1697 in
1085 1632 1190 1696 decern
1212 1631 1366 1696 mensibus

393 1743 575 1826 gignuntur,
614 1741 634 1806 ii
654 1741 679 1805 si
702 1748 793 1806 erunt
807 1752 890 1810 Ὄνοι
913 1754 1025 1826 Δύρας,
1060 1739 1245 1806 exhaeredes
1270 1747 1366 1804 sunto.

393 1849 486 1929 Quod
505 1849 617 1935 siquis
635 1849 799 1915 undecimo
820 1869 925 1914 mense
945 1859 1004 1921 κατ’
1020 1859 1188 1934 Ἀριστοτέλη
1206 1855 1366 1922 natusest

392 1957 480 2023 Attio
500 1957 582 2022 idern
602 1957 687 2044 quoti
705 1957 788 2022 Titio
806 1957 856 2043 jus
878 1965 944 2023 eata
965 1957 1048 2044 apud
1067 1977 1125 2022 nae.

375 2081 400 2133 1,
436 2083 488 2143 Ap.
506 2082 577 2131 Non.
595 2095 623 2144 p.
643 2080 709 2144 iae,
731 2079 776 2130 13.
794 2095 821 2130 v.
839 2080 969 2142 Paralios,
990 2092 1103 2144 pueros.
1119 2106 1154 2118 -
1175 2077 1261 2129 Adon
1280 2079 1365 2128 Mero.

312 2166 410 2215 Vocon
425 2166 469 2214 erl.
486 2165 595 2215 novica.
627 2162 694 2227 fato
711 2160 749 2229 cj.
766 2165 831 2216 lun.
848 2190 883 2204 -
898 2166 934 2216 V.
951 2165 1028 2214 nest.
1047 2179 1071 2214 s.
1090 2153 1246 2213 v.‘l’nllua:
1272 2187 1367 2229 „--

307 2249 414 2311 antiqui
425 2252 516 2299 autern
531 2262 657 2314 puerum,
677 2249 832 2312 praemunis
849 2251 969 2312 amabat,
986 2249 1115 2311 pullum
1129 2244 1193 2313 ejus
1209 2241 1366 2296 dicebant“.

307 2333 423 2384 Servius
439 2334 474 2385 ad
490 2333 571 2397 virg.
588 2334 650 2383 lici.
668 2333 702 2397 X,
722 2331 764 2381 18.
786 2335 926 2398 statuens,
943 2331 1027 2384 Adon
1043 2331 1241 2383 nominativum
1258 2329 1365 2380 Latinis

306 2419 466 2469 inusitatum
485 2429 562 2482 esse,
578 2419 607 2465 et
624 2418 678 2466 hoc
695 2417 833 2467 Varronis
848 2416 1005 2482 fragmento
1024 2416 1131 2467 erroris
1147 2415 1323 2467 convincitur
1339 2418 1366 2461 et

306 2514 383 2552 vers.
398 2499 530 2551 venantii
546 2501 694 2549 Fortunat.
714 2499 806 2551 carm.
822 2496 890 2565 vu,
909 2500 940 2549 ie
958 2503 986 2549 et
1004 2500 1046 2549 18.

374 2585 400 2633 2.
435 2586 486 2646 Ap.
502 2585 574 2633 Non.
591 2596 619 2645 p.
639 2582 704 2646 178,
731 2582 774 2633 17.
798 2598 826 2632 r.
848 2583 976 2633 Nutritur
993 2586 1021 2633 et
1039 2582 1198 2634 nutricatur
1213 2594 1263 2643 pro
1280 2578 1366 2630 nutrit

217 2685 219 2692 ·
306 2672 335 2717 et
351 2667 483 2718 nutricat.
499 2692 534 2702 —
550 2659 617 2729 ἐμεα
632 2664 811 2729 φιλοφθονία
826 2668 906 2717 aratia
920 2669 1008 2716 Mero.
1025 2668 1053 2715 et
1070 2666 1114 2715 ed.
1131 2665 1239 2716 noviss.
1255 2677 1291 2714 ex
1307 2662 1365 2713 ciris

306 2750 393 2801 codd.
428 2751 456 2801 ll
468 2762 532 2801 meo
549 2748 672 2812 φιλοφθ.
690 2761 725 2799 ex
743 2746 820 2815 conj.
836 2749 939 2813 scripsi
955 2752 985 2799 et
1002 2746 1146 2814 conjungo
1161 2762 1218 2799 non
1235 2760 1296 2798 cnm
1315 2760 1367 2796 nae

306 2835 361 2898 tia,
394 2834 446 2883 aed
470 2846 531 2884 cum
553 2835 663 2883 tutores
686 2834 733 2883 do.
756 2859 792 2871 -
820 2831 950 2899 Menippi
967 2833 1048 2885 laer.
1070 2833 1184 2895 Popma.
1232 2831 1365 2895 Menippo

305 2914 385 2964 laer.
406 2917 450 2964 erl.
472 2914 583 2963 noviss.
622 2913 778 2979 Menippea
801 2916 882 2967 laer.
906 2918 1053 2967 116111.-
1082 2917 1192 2967 Versus
1218 2918 1263 2965 est
1287 2912 1366 2965 Ennii

303 2998 390 3054 (Ana.
407 2997 431 3056 l,
448 2995 535 3059 121),
552 2993 635 3060 cnjus
652 3000 738 3048 verba
753 2999 863 3061 plenius
882 2999 951 3050 citat
962 3000 1100 3063 Porphyr.
1111 3001 1146 3051 ad
1161 3000 1260 3049 llorat.
1277 2998 1365 3047 Seru.

304 3080 330 3143 Ι,
350 3080 379 3142 2,
399 3078 456 3128 ela
491 3078 616 3144 „Arrdire
633 3082 678 3130 est
697 3082 949 3147 operaepretium,
972 3084 1125 3145 procedere
1142 3084 1220 3132 recte
1237 3080 1294 3141 Qui
1310 3092 1364 3132 rem

302 3164 453 3213 Romanam
472 3162 636 3225 Latiumque
652 3176 809 3228 augescere
829 3162 951 3217 vrrltial“
985 3170 1135 3233 cupiscerc
1152 3166 1312 3227 Laurenb„
1329 3160 1364 3227 cj.

302 3250 391 3299 Merc.
420 3273 447 3283 -
473 3246 566 3297 Varro
586 3247 661 3297 natis
682 3248 744 3299 suis
768 3247 895 3311 cynicos
922 3251 1218 3310 constituentem,
1249 3244 1364 3312 atejus

302 3335 400 3381 aeetae
420 3330 573 3381 severitate
592 3332 628 3381 ad
646 3332 768 3394 priscam
785 3332 878 3383 viceris
897 3333 1046 3397 cultusque
1060 3332 1265 3396 simplicitatem
1282 3334 1367 3384 redu-

301 3417 414 3475 cantur,
431 3424 487 3475 qua
506 3414 599 3464 stabat
617 3415 732 3478 antiqua
747 3414 933 3467 Romanorum
948 3416 1120 3480 respublica.

368 3498 393 3545 tl.
428 3499 480 3559 Ap.
497 3498 568 3547 Non.
585 3510 612 3560 p.
628 3496 676 3564 ⁷7,
698 3498 741 3547 2⁷.
757 3513 785 3549 v.
803 3498 934 3550 llellioris
952 3502 997 3550 eat
1010 3499 1147 3551 melioria.
1169 3526 1197 3535 -
1221 3498 1366 3558 Quodnam

301 3580 458 3629 testamenti
475 3594 566 3643 genias
584 3576 706 3643 pectene
722 3582 816 3633 Varro
833 3583 950 3649 dixerit,
973 3595 1009 3633 ex
1025 3585 1080 3635 lroc
1099 3583 1206 3646 quidem
1223 3583 1290 3631 loeo
1310 3592 1365 3630 non

299 3664 370 3714 eatis
384 3664 481 3727 liquet.
516 3663 635 3715 Videtur
649 3664 716 3714 illul
735 3662 909 3731 significare,
927 3678 983 3731 qno
1002 3666 1127 3729 quisine
1144 3664 1225 3729 qnasi
1241 3661 1300 3729 jam
1314 3676 1367 3713 na-

298 3750 361 3798 tura
385 3746 533 3798 constituti
548 3745 640 3796 literis
660 3758 770 3809 utroque
788 3750 923 3800 haeredes
942 3752 1132 3801 declarentur.
1168 3748 1250 3809 Quod
1271 3752 1363 3798 antem

298 3832 426 3881 Graecos
441 3830 575 3882 belliorea
591 3829 611 3879 1.
629 3842 655 3880 e.
675 3830 825 3895 aequiores
846 3832 963 3885 dicit.ln
977 3846 1012 3883 eo
1027 3846 1136 3897 genere
1155 3844 1238 3895 ease,
1267 3831 1362 3882 refero

296 3914 332 3963 ari
350 3914 464 3965 Solonis
477 3915 568 3979 legem
585 3918 725 3966 servatam
744 3916 885 3968 Demosth.
903 3916 933 3968 ln
947 3919 1040 3981 steph.
1059 3918 1102 3981 ll,
1126 3930 1154 3978 p.
1173 3915 1266 3981 rina,
1294 3925 1365 3977 qaae

295 3986 349 4047 οὐκ
365 3992 399 4066 ἐᾷ
417 3992 559 4061 διαθήκας
575 3990 748 4059 διαθέσθαι,
766 3990 818 4047 ἐὰν
837 3997 936 4058 παῖδες
952 3989 1004 4050 ὦσι
1020 3994 1138 4065 γνήσιοι.

362 4080 388 4129 l.
422 4082 474 4143 Ap.
492 4080 565 4131 Geli.
580 4078 636 4145 lll,
654 4080 696 4130 11.
712 4106 749 4119 -·
767 4084 819 4133 liat
836 4096 902 4147 para
918 4084 1080 4135 testamenti
1097 4080 1279 4134 varroniani.
1314 4078 1368 4129 nl-
