2934 4750
276 311 316 354 DE
339 309 469 356 murem
493 309 608 369 quum
629 311 781 360 mum
803 314 1045 362 Mltolddll'wl.
1153 303 1197 366 m

126 474 274 543 Menestas
292 483 399 542 autem
417 495 511 564 quam
529 476 717 547 dicmorcls'o
741 481 788 546 vel
807 481 1000 561 maumam,
1021 484 1125 570 operis
1146 488 1195 552 ti-

127 585 223 650 tulum
243 585 338 652 luhse
360 585 409 653 rel
436 585 508 652 ideo
534 585 658 652 credere
680 589 839 672 malimus,
870 593 945 680 quia
964 591 1141 661 Prisc‘unus
1163 595 1194 661 in

126 694 251 761 citandis
270 696 420 762 Varronis
441 695 529 762 lihris
551 717 614 762 non
636 697 801 768 admodum
824 711 984 770 accruahrs
1012 724 1080 770 esse
1107 705 1194 772 solet

124 803 333 890 Negligentiae
352 825 440 872 reum
461 794 534 872 eum
557 805 673 873 iaciunt
693 830 757 876 nou
777 811 865 898 pauci
889 811 963 892 loci,
988 820 1025 879 ut
1045 813 1065 879 l.
1085 815 1145 894 vl,
1169 835 1194 882 e

124 915 151 979 l.
165 935 197 1000 p.
211 914 287 980 230.
308 914 357 981 ed.
375 915 442 997 qu
462 915 517 983 uhi
536 937 602 982 non
621 917 864 988 armamus
879 921 1121 1005 etdesdudutom,
1140 925 1194 992 sed

120 1023 408 1108 jutiussulutdmm
423 1026 838 1120 imtrlpllonetodtoyesstm,
861 1047 938 1116 περὶ
961 1047 1194 1118 Νομισμάτων

122 1141 151 1198 et
176 1134 354 1201 Andodotm
379 1135 474 1201 citare
501 1136 641 1203 debehat
690 1137 814 1218 Quibus
842 1141 991 1227 exemplis
1021 1141 1072 1206 hic
1106 1143 1194 1230 plura

121 1243 233 1310 addere
254 1264 323 1309 nou
340 1265 418 1331 open
436 1253 495 1310 est
516 1277 558 1298 -·-

204 1354 362 1423 Solonium
382 1354 567 1441 inscriptum
583 1355 734 1422 Varronis
756 1357 870 1423 lihrum
887 1376 1026 1446 unquam
1038 1359 1195 1426 exstitisse

120 1461 297 1550 negandum
320 1472 377 1529 est.
420 1464 546 1530 Erroris
567 1483 680 1550 nsrnpe
700 1464 771 1532 lons
792 1464 916 1532 ridetur
936 1466 1030 1532 luisse
1057 1467 1195 1534 scholion

119 1573 156 1638 ad
181 1575 272 1640 Pers.
297 1572 361 1638 Sat
383 1574 423 1638 Π.
449 1594 478 1639 r.
505 1558 557 1638 35.
599 1573 646 1638 lbi
669 1593 770 1660 qmmr
795 1573 921 1642 Persius
942 1575 1040 1642 Licini
1071 1598 1195 1664 campos

117 1689 291 1760 memorat,
323 1680 488 1748 scholiasta
516 1681 593 1748 haec
622 1682 738 1750 adlert:
771 1684 926 1764 ,licinius
956 1685 1086 1753 Crassus
1114 1687 1195 1754 inter

116 1794 283 1858 Romanos
307 1790 580 1878 locupletissimus,
613 1792 684 1859 ideo
711 1794 807 1861 Dives
837 1796 1081 1882 cognominatus.
1129 1797 1193 1863 Alii

118 1901 231 1967 volunt
252 1894 408 1966 Licinium
434 1899 522 1982 (sicl)
547 1910 705 1970 tonsorem
731 1913 763 1970 et
785 1906 929 1973 libertum
951 1906 1084 1992 Augusti
1106 1904 1206 1974 Gae-.

119 2011 198 2078 saris
218 2009 381 2096 significari
403 2012 614 2098 praedivitem,
635 2013 724 2101 cujus
747 2016 974 2082 monimentum
996 2023 1044 2082 ost
1065 2017 1194 2103 pretiosi

118 2121 224 2208 operis
243 2121 294 2187 via
312 2121 438 2189 sonno
456 2141 554 2209 prope
572 2124 686 2189 urbem
710 2122 749 2188 ad
770 2125 903 2211 lapidem
924 2125 1102 2192 secundum.
1145 2125 1194 2191 Dc

119 2229 177 2295 hoc
201 2250 265 2296 non
285 2229 485 2297 invenustum
511 2233 657 2297 Varronis
675 2231 877 2317 Epigramma
896 2233 1010 2298 lertur:

274 2357 435 2409 timores
448 2357 568 2409 Llcinus
581 2358 688 2411 tumulo
700 2356 796 2425 J'acet,
813 2362 843 2410 st
855 2357 928 2411 cato
942 2370 1042 2422 porro,

324 2444 476 2512 Pompeius
492 2447 587 2502 nultos
606 2450 671 2513 quis
687 2454 767 2513 putet
782 2462 848 2501 csse
864 2441 982 2501 Deosd“

119 2554 293 2621 W'dllnerii
314 2552 451 2619 rationes
470 2553 490 2618 l.
507 2552 527 2618 l.
547 2574 577 2641 p.
595 2553 624 2623 7.
645 2556 824 2641 explicatae,
844 2554 957 2641 quihus
975 2555 1038 2621 Jos.
1054 2554 1196 2639 Scalige-

118 2685 194 2731 rum
216 2671 250 2729 et
269 2664 356 2728 Petr.
378 2663 596 2731 Burmanunm
623 2672 747 2731 secutus
774 2664 833 2731 hoc
856 2663 1043 2750 epigramma
1060 2664 1107 2745 ΔΤ.
1127 2664 1196 2729 Te·
1282 2726 1285 2733 .

118 2772 216 2839 rentii
235 2772 386 2837 Varronis
402 2772 526 2837 Atacini
545 2791 613 2839 esse
632 2774 756 2856 statuit,
783 2772 900 2840 scilicet
916 2781 967 2851 „et
988 2781 1115 2861 propter
1134 2764 1196 2839 co4

121 2883 222 2947 torem
243 2899 383 2961 versum,
412 2890 444 2947 et
465 2882 539 2969 quia
559 2881 604 2949 M.
624 2885 798 2952 Varronem
820 2884 1007 2950 hexametris
1028 2884 1076 2950 vel
1099 2882 1196 2949 disti-

121 2991 188 3057 chis
209 2987 379 3079 quidquam
398 2993 616 3079 conscripsisse
638 3013 702 3060 non
721 3002 870 3075 constet,“
891 2996 964 3075 hae,
985 2994 1069 3073 dico,
1090 2994 1195 3061 ratio-

122 3122 178 3166 nes
194 3122 253 3188 pro
272 3101 369 3167 nihilo
386 3110 461 3169 sunt
478 3102 647 3169 habendae.
680 3105 775 3184 Quod
797 3105 880 3171 enim
902 3105 940 3171 de
965 3124 1112 3171 versuum
1133 3123 1195 3167 co-

122 3211 188 3275 loro
208 3211 298 3289 dicit,
330 3212 366 3275 iu
387 3232 430 3275 eo
451 3212 544 3276 nimis
565 3223 694 3297 argrrtus
716 3221 750 3277 et
769 3214 890 3279 suhtilis
913 3232 980 3277 esse
1000 3210 1136 3286 videtur,
1166 3214 1198 3273 et

122 3320 207 3406 quod
225 3294 274 3386 hl
292 3321 465 3386 Varronem
485 3319 674 3385 hexametris
692 3320 741 3385 rel
762 3318 901 3384 distichis
920 3318 1090 3404 quidquam
1115 3337 1197 3381 con·-

121 3429 281 3515 scripsisse
307 3434 449 3493 constare
477 3434 584 3512 negat,
614 3426 675 3492 hoc
708 3426 820 3493 falsum
850 3448 916 3492 essa
942 3425 1006 3514 jam
1028 3425 1097 3495 alio
1130 3426 1197 3491 loco

121 3535 325 3603 ostendimus
367 3537 437 3603 Irno
459 3537 573 3603 rectius
597 3537 795 3605 statuendum
817 3558 884 3603 essa
910 3536 1096 3603 arbitramur
1121 3536 1197 3602 illud

122 3646 312 3732 epigramma
332 3667 351 3710 a
372 3646 418 3713 M.
438 3646 579 3714 Varrone
598 3646 772 3733 proiectum
793 3654 825 3713 et
839 3647 971 3734 potitum
989 3668 1056 3713 esso
1077 3645 1197 3733 exejus

121 3756 338 3822 Hebdomades
358 3757 422 3822 sivo
441 3757 478 3821 de
496 3758 685 3843 hrwpciaidas
704 3758 800 3836 libris,
823 3757 855 3821 in
878 3757 991 3843 quihus
1012 3757 1197 3843 septingen-

124 3872 227 3932 torum
250 3865 387 3931 virorum
417 3864 583 3933 illustrium
613 3866 762 3950 imagines
790 3874 1035 3953 repraesentatas
1064 3873 1096 3931 et
1123 3862 1197 3949 epi-

122 3974 300 4059 grammatis
318 3975 465 4063 appositis
488 3976 656 4041 illustratas
677 3966 772 4043 luisse
794 3977 882 4043 testis
907 3986 956 4041 est
975 3974 1096 4042 Plinius
1117 3970 1198 4037 Hist.

122 4083 192 4150 Nat
219 4084 237 4148 l.
260 4084 401 4160 XXXV,
436 4106 460 4148 c.
489 4085 518 4148 2.
562 4086 598 4149 ln
625 4104 687 4171 quo
716 4106 810 4171 opere
840 4092 946 4151 utrum
975 4084 1076 4165 imago
1099 4075 1197 4143 Licini
