2934 4750
272 303 337 364 m
592 312 645 356 ·ιι.
667 313 819 356 raaauru
843 311 1000 356 vanaours

341 492 367 538 t.
404 489 453 548 Αρ.
469 486 539 534 Nan.
557 497 584 545 p.
600 481 661 546 718,
679 483 720 530 lb.
739 494 765 529 v.
783 479 886 532 beilum
905 505 937 518 -
952 479 1072 544 eligans,
1088 479 1186 530 molitu
1204 482 1337 542 prudens.

275 601 308 610 -
327 573 427 624 mem
442 579 527 634 quum
541 566 646 618 bellom
665 575 788 615 umorem
806 565 920 629 Popma,
937 564 1015 626 Ιιιρι.
1033 566 1084 628 llp.
1103 564 1221 624 Quaest.
1237 565 1289 629 lll,
1313 567 1338 614 ³.

275 661 376 708 contra
393 654 480 705 corn.
496 648 585 701 iidem.

343 741 369 790 b.
404 740 455 800 Δρ.
472 737 545 785 Νοι.
562 747 589 796 ρ.
606 733 666 797 tot,
686 731 727 781 it.
747 747 773 782 v.
793 731 930 794 subigere
948 758 984 769 -
999 731 1109 782 mollire
1127 733 1173 782 vel
1191 744 1337 782 exercere.

274 851 309 864 -
326 823 485 888 Antequam
499 821 586 870 mitto
602 817 690 867 codd.
725 815 826 880 Aateq.
841 817 952 868 stultitia
968 813 1006 880 cj.
1024 819 1124 880 blera,
1141 816 1188 878 qui
1205 817 1275 866 baec
1291 819 1340 867 ad·

274 912 369 960 notat:
404 907 486 970 „llnc
502 904 684 966 fragmentum
702 899 795 952 addidi
813 912 828 948 e
845 899 940 965 libris,
964 902 1038 962 quod
1053 902 1149 952 deerat
1165 899 1195 950 ia
1214 902 1338 952 omnibus

275 991 452 1043 editionibus.
469 1040 473 1047 ,
489 988 519 1036 ln
537 999 572 1037 eo
590 986 707 1036 anubab
724 986 817 1034 Varro
836 985 951 1034 vetitum
970 986 1043 1035 bauo
1060 997 1150 1050 more,
1168 996 1205 1033 ne
1223 985 1285 1046 quis
1305 987 1338 1036 ad

275 1075 390 1139 imperia
404 1074 570 1124 eveheretur
582 1076 729 1133 ammonam
745 1059 869 1132 legitima
882 1068 1020 1129 stipendia
1036 1067 1215 1120 meruisset“.
1249 1069 1337 1120 lltiam

276 1161 379 1223 Popma
397 1157 491 1209 omisit
505 1157 697 1219 iragmentum.

342 1245 368 1292 7.
403 1246 456 1302 Δρ.
473 1243 545 1291 Non.
563 1253 590 1302 p.
609 1240 653 1304 bt,
670 1239 714 1288 71.
730 1253 758 1288 v.
774 1236 878 1301 cupas.
896 1263 929 1274 -
945 1235 1005 1288 Ait.
1023 1249 1107 1288 arum
1124 1235 1181 1300 def.
1199 1239 1338 1290 Laurenb.

275 1329 336 1380 Art.
349 1329 440 1379 mium
456 1322 512 1388 def.
528 1326 614 1374 Turn.
625 1324 667 1372 Ad
673 1338 696 1373 ι.
707 1324 836 1388 llllvlll,
848 1322 900 1387 iu,
917 1321 964 1385 qui
976 1321 1191 1384 interpretatur:
1216 1324 1339 1388 „Aerem

276 1414 475 1476 disputatorem
491 1407 568 1458 acris
586 1406 662 1456 aceti
680 1419 767 1468 cupas
785 1409 887 1457 habere
907 1405 1003 1456 dicit“.
1040 1405 1082 1456 01.
1099 1419 1158 1469 aeq.
1176 1407 1209 1456 tr.

342 1497 369 1546 8.
403 1498 455 1557 Αρ.
469 1494 542 1542 Non.
560 1507 586 1555 p.
603 1491 646 1556 aa,
664 1491 689 1539 b.
706 1506 733 1541 v.
752 1491 936 1554 ilesubulare,
952 1491 1110 1554 perfodere.
1127 1517 1162 1528 -
1184 1489 1273 1540 Unum
1290 1503 1340 1540 aa·

274 1585 354 1632 ulam
382 1581 426 1630 ed.
450 1577 560 1628 noviss.
582 1588 618 1626 ex
639 1575 700 1625 sois
721 1574 808 1626 codd.
860 1574 1003 1637 Unumque
1022 1577 1101 1624 utam
1126 1570 1164 1637 ej.
1187 1573 1265 1636 Lips.
1287 1577 1338 1636 Ερ.

275 1666 392 1726 Quaest.
405 1661 519 1726 lv,1s.,
532 1662 631 1724 llere,
643 1661 782 1710 Laurenb.
822 1657 997 1709 linamentum
1006 1660 1085 1709 otum
1095 1658 1208 1719 Pnpnra.
1248 1658 1337 1710 Unam

275 1751 354 1799 mum
378 1749 446 1796 Zeu.
465 1747 582 1794 uouisse
601 1739 639 1807 cj.
664 1744 729 1793 lum
754 1742 897 1792 animadv.
919 1742 971 1804 vl,
1005 1741 1048 1791 ti.
1089 1741 1276 1792 desubutaaee
1301 1741 1338 1808 cj.

276 1832 352 1880 soal.
370 1831 449 1878 Lect.
465 1830 572 1876 Aeson.
589 1828 625 1892 ll,
644 1828 696 1887 bi„
711 1828 847 1888 probante
862 1826 966 1887 Popma
981 1827 1010 1874 et
1023 1825 1101 1886 Llps.
1119 1826 1139 1874 l.
1156 1825 1187 1890 l.,
1205 1827 1253 1888 qui
1270 1837 1340 1878 con-

274 1916 330 1964 fert
354 1924 418 1962 roe.
441 1910 600 1972 delapidare
624 1910 642 1960 i.
666 1923 692 1959 e.
714 1909 852 1971 lapidibus
875 1915 1016 1973 sternere,
1052 1913 1084 1959 ut
1111 1909 1233 1970 explicat
1256 1911 1340 1962 Fest-

275 1999 365 2048 l’auil.
388 2011 414 2057 ρ.
437 1995 481 2043 71.
504 1996 547 2044 ed.
564 1995 660 2044 liluell.
695 1992 835 2056 scaligeri
856 1995 942 2044 verba
965 1995 1031 2044 sunt
1047 1995 1130 2043 baec:
1164 1992 1259 2058 „Vide
1276 2008 1338 2046 num

275 2080 322 2144 qui
347 2080 416 2130 riam
438 2078 525 2128 munit
547 2077 573 2127 is
594 2080 673 2127 recte
696 2076 806 2127 dicatur
828 2090 888 2127 eam
909 2079 1072 2141 perfodere,
1099 2081 1128 2126 et
1150 2077 1196 2139 qui
1218 2080 1340 2139 perfodit

274 2165 356 2228 viam,
371 2172 436 2214 ιιιιιιι
449 2164 528 2211 recte
543 2162 643 2211 subula
657 2161 686 2210 id
701 2163 797 2211 iacere
809 2161 910 2222 possit.
945 2161 1000 2210 sed
1012 2158 1148 2223 ejdemodi
1163 2164 1229 2211 sunt
1241 2163 1340 2213 Gram-

273 2249 437 2299 maticorum
454 2241 572 2310 judieiaa
607 2245 677 2304 Quis
700 2244 792 2294 nescit
814 2244 951 2294 diversam
975 2245 1140 2295 sententiam
1162 2245 1288 2295 zenonis
1310 2251 1339 2296 et

274 2330 534 2387 Carneadia-usse
550 2323 714 2393 amiraldo
729 2329 756 2378 b.
773 2341 797 2379 e.
818 2329 851 2378 de
869 2325 969 2381 linibus
987 2330 1121 2380 bonorum
1139 2331 1168 2381 et
1186 2324 1338 2381 malorum?

273 2417 357 2485 bajus
376 2417 484 2480 quidem
501 2426 603 2464 meram
619 2403 733 2477 ἀρετὴν,
761 2412 915 2463 Carneadis
935 2416 1025 2463 autem
1044 2407 1079 2463 τὰ
1097 2410 1196 2478 πρῶτα
1210 2412 1260 2479 τῆς
1281 2408 1340 2479 φύ-

189 2524 193 2531 ·
274 2516 352 2559 σεως.
388 2502 446 2549 llae
468 2500 534 2546 sunt
554 2497 641 2559 igitur
662 2498 734 2546 duae
755 2496 822 2546 illae
843 2496 921 2563 viae,
951 2498 985 2547 de
1006 2496 1105 2559 quibus
1124 2500 1214 2549 Varro
1239 2499 1338 2549 sentit.

274 2588 312 2636 At
337 2584 419 2635 bodie
444 2586 475 2632 at
500 2582 635 2643 leguntur
659 2580 709 2630 ilia
737 2570 919 2643 v'erba'apud
945 2576 1062 2631 Nouium
1090 2581 1152 2643 quis
1179 2576 1339 2646 intelligat?

273 2672 403 2719 llonstra
424 2665 497 2716 enim
516 2666 599 2727 plane
622 2667 688 2714 sunt
708 2663 767 2713 illu.
791 2689 827 2703 -
843 2690 878 2702 -
898 2666 974 2727 Ergo
993 2664 1180 2717 deambulasse
1198 2670 1278 2715 recte
1297 2666 1340 2717 di-

274 2758 348 2802 ctum
365 2752 400 2800 dc
416 2760 523 2812 aggere
541 2748 653 2809 publico
672 2745 851 2797 muniendo“.
885 2748 1009 2811 vereor,
1037 2751 1068 2799 ut
1084 2751 1164 2800 reete
1181 2748 1339 2815 conjecerit

273 2835 411 2896 tcaliger.
446 2832 565 2882 Retineo
582 2832 725 2893 vulgatum
741 2830 935 2881 deambulasse.
971 2833 1090 2881 verbum
1107 2832 1282 2885 deambulare
1296 2836 1339 2885 ia-

273 2920 337 2966 cete
354 2917 500 2964 formatum
516 2928 534 2964 a
550 2915 661 2977 subula,
680 2915 754 2975 quod
772 2926 829 2963 nou
846 2918 972 2965 sutorum
990 2916 1081 2967 solum
1097 2918 1152 2981 est,
1170 2918 1221 2965 sed
1239 2918 1340 2980 lapici-

273 3000 369 3047 darum
386 3008 496 3057 quopue
510 2997 735 3059 instrumentum,
771 3011 825 3059 quo
843 2999 950 3061 lapides
965 3000 1115 3061 poliuntur.
1150 3001 1272 3051 Utuntur
1289 3016 1340 3053 vo·

274 3082 375 3133 cabulo
391 3079 544 3129 Gromatici
562 3077 676 3143 passim,
692 3084 723 3129 nt
740 3080 862 3144 simplic.
881 3094 924 3144 ap.
941 3084 1028 3133 (locs.
1045 3098 1071 3145 p.
1090 3082 1147 3133 bb:
1181 3080 1234 3147 „Si
1252 3098 1339 3148 supe-

272 3167 333 3217 rior
347 3168 452 3215 tantum
470 3175 538 3226 pars
554 3164 649 3214 dolata
666 3172 711 3215 est
728 3170 756 3215 et
773 3166 891 3217 inferior
909 3166 1044 3217 subulis
1060 3166 1184 3229 impolita
1197 3168 1337 3232 relieta“;

273 3257 302 3302 et
319 3251 392 3302 alius
407 3251 509 3299 auctor
523 3261 567 3311 ap.
582 3251 664 3300 eund.
680 3263 706 3312 p.
723 3251 761 3299 u:
791 3250 960 3317 „Terminus
976 3250 1001 3299 si
1014 3250 1142 3312 superius
1157 3250 1264 3311 politus
1277 3254 1338 3303 i'ue-

271 3328 324 3400 rit,
347 3339 377 3385 et
393 3333 510 3383 interius
528 3334 660 3383 subulis
678 3334 835 3399 impolitus,
854 3334 1065 3385 mouumentalis
1083 3336 1142 3396 est,
1179 3336 1337 3387 nonhabet

271 3412 351 3468 iidem
367 3414 532 3466 finitionis“.
566 3419 741 3468 ilesubulare
759 3419 845 3481 igitur
861 3432 917 3469 non
933 3422 978 3468 est
994 3418 1151 3480 perfodere,
1167 3420 1198 3466 ut
1213 3419 1337 3479 explicat

271 3502 390 3563 Nonius,
407 3501 457 3548 sed
469 3501 563 3561 potius
579 3501 680 3565 polire,
698 3505 727 3551 et
738 3515 867 3565 magnum
884 3501 1014 3565 interest,
1028 3505 1119 3551 utrum
1137 3500 1227 3550 dicam
1242 3503 1336 3567 „viam

271 3581 400 3648 munio“,
422 3595 458 3632 aa
475 3583 500 3631 si
519 3584 612 3647 „viam
629 3578 800 3650 desubulo“,
824 3587 896 3647 quod
915 3598 972 3635 oon
990 3583 1062 3634 satis
1076 3583 1241 3647 percepisse
1259 3586 1337 3635 vide-

271 3673 317 3719 tur
328 3667 466 3729 Scaliger.
499 3660 674 3716 Desubulare
692 3668 763 3716 enim
783 3669 853 3719 viam
873 3668 927 3718 erit
941 3670 1012 3719 vium
1030 3668 1218 3733 complanare,
1237 3672 1337 3718 contra

270 3752 376 3803 munire
397 3752 469 3800 vlam
490 3739 749 3815 laplnum'mollbus
770 3755 897 3801 sternere
919 3754 948 3801 et
971 3749 1056 3803 iirmls
1077 3750 1265 3802 mndamentls
1289 3766 1337 3805 sa-

269 3839 440 3898 perstruere.
476 3835 564 3893 Quum
586 3835 620 3882 de
640 3833 864 3895 pbilosophorum
883 3835 989 3885 sobolis
1010 3846 1102 3884 sermo
1122 3838 1181 3898 est,
1218 3835 1336 3885 alterum

270 3919 418 3981 pertinebit
435 3917 525 3980 magis
543 3917 578 3966 ad
597 3916 789 3980 Academiam,
818 3920 934 3969 alterum
956 3920 991 3970 ad
1010 3920 1120 3983 Sinam,
1149 3914 1234 3981 cujus
1252 3930 1336 3969 seve·

268 4002 330 4055 rior
346 4001 476 4077 doctrina
492 4004 597 4050 est·
619 4002 697 4050 llona
714 4000 858 4065 corporis,
887 4014 958 4063 quae
975 4000 1147 4051 Carneadem
1164 4000 1234 4051 dicit
1252 4014 1336 4053 sera·

270 4089 327 4137 tum
346 4098 425 4150 esse,
447 4085 513 4134 sant
527 4082 616 4144 priua
632 4085 760 4133 naturae.
796 4082 846 4134 Gio
862 4087 896 4136 de
911 4086 994 4136 arun.
1012 4086 1053 4150 V,
1071 4084 1096 4133 7.
