2934 4750
289 251 334 313 4⁰
366 267 468 313 carun
483 267 618 312 rsrnun.
644 265 1361 314 rnnnnsnssrnraunnnurnssvarnonrs.

291 434 492 522 quentissime
511 453 586 499 usus
606 440 662 512 ost,
681 434 879 520 reperiuntur
899 433 992 498 etiam
1014 439 1182 512 scazontes,
1196 433 1362 518 galliambi

291 543 462 614 tetrametri
488 542 650 621 trochaici,
679 544 835 629 anapaesti
862 543 986 608 dimetri
1010 551 1106 628 atque
1128 543 1300 608 tetrametri
1332 551 1364 607 et

292 653 407 718 heroici
444 673 558 720 versus.
615 653 750 739 Elegiaci
782 673 908 739 quoque
941 653 1033 717 metri
1069 652 1210 737 usurpati
1246 652 1364 738 aliquot

293 763 433 849 exempla
454 772 535 841 sunt,
556 769 592 829 ut
612 761 643 826 in
663 763 864 828 Ειιηιιιιάιιιιιι
884 761 920 827 lr.
944 761 1000 825 ll:

443 877 574 940 „nospes
594 873 658 937 qula
675 873 760 925 rnlrss
778 873 871 924 suino
890 885 993 924 curare
1010 865 1161 934 semler

447 958 540 1026 ouidi
558 964 639 1029 qussi
656 977 712 1016 non
730 967 812 1018 curat
829 964 962 1016 tantidem
980 963 1184 1015 Aristoteles.“

294 1055 326 1120 ln
348 1068 574 1140 Μαρκοπὸιεως,
601 1064 829 1140 entellinis,
850 1053 941 1120 [1322

443 1167 573 1232 „Natura
590 1165 716 1218 humanis
734 1165 826 1218 crnnls
842 1171 909 1217 sunt
925 1164 1015 1230 paria.

387 1291 391 1298 -
445 1257 499 1316 Qul
515 1258 582 1321 pote
599 1259 677 1324 plns,
696 1260 792 1322 urget:
808 1255 898 1321 piscls
917 1258 949 1307 ut
965 1269 1051 1319 saepe
1068 1254 1191 1306 nrlnutos

495 1352 609 1414 Magnu'
625 1351 747 1415 comest,
766 1352 797 1400 ut
814 1361 884 1400 sves
905 1351 1007 1400 enecat
1024 1343 1194 1411 aecipiserf‘
1281 1327 1287 1338 ’

295 1444 326 1501 et
348 1437 379 1500 in
400 1438 574 1525 Seaeoyesrssss
595 1438 630 1504 [ι’.
651 1437 686 1504 8:

445 1553 543 1615 „Ergo
564 1552 620 1602 tum
634 1552 741 1601 nonae
757 1563 844 1614 parce
859 1562 983 1615 pureque
997 1550 1134 1613 parentes

496 1641 602 1692 Vivent
618 1639 649 1692 ln
666 1641 767 1707 patris,
785 1655 867 1694 nunev
877 1656 973 1694 sumus
990 1641 1020 1692 ln
1035 1639 1169 1692 ῐιιιιιιιι.ιι

380 1727 544 1798 Suffioilurt
561 1731 636 1797 haee
656 1738 740 1798 certe
761 1732 799 1797 ad
818 1730 1035 1800 confutandam
1057 1729 1236 1816 opinionem
1249 1729 1363 1796 Wiill-

296 1837 362 1902 neri
386 1837 419 1902 in
440 1838 613 1908 Comment
632 1841 671 1907 dc
692 1842 764 1907 Vita
790 1863 827 1908 ac
851 1841 979 1928 Scriptis
999 1841 1035 1905 P.
1056 1838 1192 1905 Terentii
1214 1839 1364 1904 Varronis

294 1946 416 2012 Atacini
431 1952 484 2026 ⁸²)
506 1968 536 2034 p.
555 1950 583 2014 l.
604 1957 721 2017 temere
739 1952 895 2037 negantis,
916 1949 1050 2016 Varroni
1071 1947 1202 2014 Reatino
1221 1967 1364 2033 unquam

295 2054 460 2142 quiequam
482 2059 622 2144 elegiacis
646 2068 701 2127 aut
721 2060 908 2126 hexametris
929 2059 1078 2145 scriptum
1098 2056 1193 2123 luisse
1213 2064 1363 2124 constare

379 2165 461 2232 Num
482 2167 541 2233 alia
561 2176 720 2255 praeterea
741 2177 840 2235 metra
865 2177 898 2234 et
921 2166 1116 2234 inusitatiora
1135 2167 1236 2231 Varro
1260 2187 1363 2232 usur-

294 2273 426 2356 paverit,
449 2276 481 2341 in
501 2284 586 2344 tanta
607 2279 718 2346 lrsrum
740 2278 941 2364 reliquiarum
963 2275 1157 2343 mutilatione
1178 2282 1264 2340 certo
1283 2276 1363 2361 qui-

294 2380 364 2447 dem
384 2384 444 2449 dici
462 2388 579 2473 nequit.
621 2387 728 2467 Quare
748 2410 806 2454 neo
819 2387 996 2455 Godolrcdo
1007 2389 1196 2464 Hermanno,
1218 2384 1364 2452 metricae

294 2492 368 2558 artis
389 2493 471 2560 inter
492 2494 664 2563 Germanos
684 2497 773 2563 lacile
795 2497 935 2583 principi,
960 2497 993 2561 in
1016 2518 1054 2562 eo
1075 2494 1225 2561 assentire
1249 2494 1362 2579 potui-

294 2620 378 2680 mus,
406 2603 490 2689 quod
509 2626 616 2671 versus
641 2604 820 2673 bacehiaoos
841 2613 1042 2693 systematum
1067 2603 1273 2690 perpetuitate
1300 2624 1362 2669 co—

293 2706 455 2775 haerentes
473 2712 679 2781 restituendos
698 2736 767 2781 esce
786 2715 895 2781 statuit
914 2715 947 2779 in
968 2714 1073 2799 fragm.
1094 2715 1123 2777 4.
1144 2711 1273 2778 Saturae
1293 2727 1364 2795 Περι

292 2826 460 2901 Ἐεαγωγῆς.
483 2820 603 2897 (llerm.
622 2822 721 2887 Elem.
742 2823 847 2888 lloctr.
865 2824 957 2889 Metr.
974 2845 1003 2910 p.
1024 2821 1112 2900 303.)
1154 2820 1264 2905 Neque
1285 2819 1362 2886 illud

293 2923 360 2990 viro
379 2946 501 2992 summo
521 2929 689 2996 concedere
711 2929 779 2995 ausi
799 2952 915 3011 sumus,
931 2933 1103 2998 Varronem
1123 2949 1231 2997 versans
1243 2927 1362 2994 Satur-

293 3033 362 3100 nios
384 3037 602 3121 composuisse.
630 3037 746 3104 Saltem
766 3062 805 3106 ex
826 3041 887 3107 illis
905 3042 1027 3107 duobus
1045 3041 1268 3106 sententiamm
1287 3038 1363 3105 iru-

292 3144 390 3223 stulis,
413 3164 493 3231 quae
515 3147 605 3213 affert
622 3153 675 3227 ³³)
698 3155 730 3213 et
752 3150 865 3236 quibus
886 3171 943 3237 pro
965 3148 1115 3235 exemplis
1131 3150 1238 3227 utitur,
1258 3148 1362 3234 colligi

292 3254 457 3341 quicquam
485 3276 549 3322 non
580 3256 698 3324 licitum
727 3266 792 3337 est,
831 3260 1013 3345 praesertim
1040 3259 1074 3324 in
1101 3265 1200 3324 metro
1230 3254 1269 3321 de
1298 3277 1363 3343 quo

291 3362 382 3446 plane
401 3364 478 3429 illud
497 3364 687 3432 Graecorum
703 3367 800 3433 valet:
815 3380 898 3448 ξιιω
915 3377 1038 3450 enetos
1054 3376 1186 3437 οὐδέποτ’
1204 3373 1307 3450 ὀρθόν.
1328 3410 1363 3423 -

361 3562 407 3621 ”l
422 3564 579 3614 monaster.
595 3562 673 3615 leta.
694 3565 719 3616 4.

361 3643 406 3704 ³⁸)
423 3647 510 3697 Elem.
528 3648 625 3700 Dootn
641 3650 723 3701 Metr.
742 3664 768 3713 p.
786 3649 846 3701 ιιι.

691 3877 701 3883 ψ
709 3877 866 3884 -..ωα--ὴ
874 3880 879 3883 .
