2934 4750
311 225 355 290 ’θ
408 245 638 291 colluunt)
658 247 698 290 ΒΕ
716 248 750 289 Ι.
767 247 799 290 ¹1⁵·
816 247 975 294 ῚΔΙΙΟΙΙΙ
992 250 1128 296 ΙΔΙἮΙΙΙ
1146 251 1325 300 inmensa.

312 413 387 478 ritas
406 418 439 476 et
458 409 657 489 eonlidentia,
674 431 769 496 quarn
787 411 911 480 illorum
931 414 1117 500 negligentia
1136 417 1308 484 damuandu
1330 420 1380 497 sit,

312 522 367 606 qui
387 521 431 584 ita
452 519 570 586 ellietos
589 519 629 586 ul)
650 541 688 586 eo
708 529 855 588 centones
875 523 908 588 in
928 523 994 590 suis
1014 525 1153 612 ipsorum
1173 527 1259 593 libris
1280 549 1377 614 repe-

310 629 447 697 tiverunt
469 635 531 707 ³⁴).

395 739 498 805 Multo
519 738 688 805 modestius
707 740 849 825 splendet
868 741 944 808 Adr.
961 744 1099 810 Turnebi
1117 745 1290 830 ingenium,
1315 768 1373 812 so-

310 848 414 914 brium
433 856 465 914 et
482 848 615 914 salutare
633 848 804 916 innumeris
814 852 962 918 Venonis
978 853 1178 939 reliquiarum
1198 855 1282 934 loeis,
1298 876 1375 942 quos

310 957 363 1022 ille
383 958 415 1022 in
435 957 691 1024 Adversariorum
717 959 803 1025 libris
830 962 942 1028 attulit.
983 962 1085 1028 Multa
1109 964 1149 1028 ab
1174 985 1212 1029 eo
1235 972 1324 1030 aeute
1342 973 1374 1028 et

310 1065 473 1151 diligenter
495 1067 653 1146 adnotate,
678 1069 776 1134 multa
795 1078 828 1135 et
845 1071 1019 1157 oonjeetum
1037 1072 1159 1157 egregie
1180 1081 1301 1152 saneta,
1322 1083 1374 1140 aut

309 1196 349 1240 ex
367 1174 453 1241 libris
471 1177 626 1242 veteribus
644 1198 764 1244 summa
780 1178 840 1244 lide
859 1180 1002 1246 restituta
1017 1188 1050 1246 et
1062 1180 1140 1267 juris
1155 1182 1204 1248 sui
1219 1182 1299 1248 laeta
1314 1189 1373 1262 Μ).

309 1320 351 1332 -
368 1284 462 1370 Digni
480 1294 639 1370 praeterea
654 1287 708 1374 qui
727 1287 778 1354 hie
794 1288 993 1354 nominentur
1009 1297 1083 1355 sunt
1091 1290 1247 1358 Adrianus
1255 1293 1373 1370 lunius,

308 1394 372 1460 los.
393 1394 568 1475 Mereerus,
595 1397 693 1462 lenus
716 1396 906 1475 Gulielmus,
935 1405 967 1463 et
984 1399 1030 1464 M.
1048 1403 1122 1465 Ant
1141 1401 1300 1481 Muretus,
1320 1404 1372 1489 qui

308 1501 341 1566 in
356 1503 537 1571 adversariis
552 1504 616 1570 suis
634 1505 720 1570 libris
735 1507 848 1591 passim
865 1527 991 1592 operam
1002 1508 1135 1573 Varroni
1149 1508 1303 1578 dederunt
1314 1519 1372 1590 ³2).

308 1645 350 1656 -—
372 1611 591 1676 Reoentiomm
619 1612 647 1677 1.
669 1612 706 1678 G.
732 1614 910 1682 Schneideri
936 1616 1095 1693 87)511“..
1116 1617 1144 1682 1.
1165 1618 1371 1689 elienses·

308 1717 345 1782 sii
370 1722 423 1795 ³⁸)
444 1718 613 1786 tentamina
634 1721 692 1786 etsi
715 1725 827 1809 exigua
847 1725 923 1803 sint,
948 1732 1032 1790 eerte
1054 1747 1118 1792 non
1140 1749 1265 1815 prorsus
1287 1731 1370 1818 abji-

307 1824 428 1891 cienda:
449 1827 503 1892 sed
524 1829 621 1915 magis
640 1830 826 1896 laudandum
844 1832 1002 1917 ingenium
1015 1834 1085 1900 Gar.
1097 1837 1300 1918 Ludliotlrii,
1317 1843 1372 1926 qui

306 1935 339 2000 in
359 1935 607 2005 adnotationibus
627 1940 741 2006 criticis
759 1940 798 2006 nd
809 1942 945 2010 Nonium
963 1945 1155 2026 Mareellnm,
1176 1969 1268 2034 quem
1287 1970 1371 2014 oon-

302 2043 416 2130 junetis
435 2047 517 2113 euris
533 2069 596 2114 una
615 2070 686 2115 eum
700 2050 751 2114 Fr.
760 2050 836 2117 Dor.
849 2051 1013 2119 Gerlaehio
1028 2054 1125 2120 edidit
1135 2063 1199 2135 ⁸⁹),
1216 2059 1291 2125 loeis
1309 2081 1371 2125 non

305 2156 424 2239 paucis,
449 2156 487 2222 de
508 2157 622 2244 quihus
643 2179 742 2245 paene
761 2159 987 2246 desperandum
1007 2173 1088 2244 erat,
1112 2167 1266 2253 praeelara
1283 2168 1369 2237 diri-

286 2264 428 2330 ·natione
444 2272 477 2330 et
494 2266 623 2332 salutem
644 2275 677 2332 et
699 2268 799 2334 lueem
819 2269 1014 2357 inopinatam
1030 2275 1141 2340 attidit.
1163 2313 1205 2324 -

303 2494 339 2533 ex
356 2482 464 2549 aliquot
478 2486 528 2538 frr.
538 2488 597 2538 Sat.
608 2486 705 2555 Papia
716 2489 828 2559 Papae,
841 2507 872 2545 π.
883 2486 934 2559 'Ey
942 2493 1091 2560 κωμίωνς
1105 2500 1135 2548 et
1146 2499 1259 2552 tertium
1271 2504 1367 2554 eodem

301 2567 383 2617 modo
409 2580 445 2618 ex
467 2570 517 2621 nr.
540 2573 600 2623 Sat.
616 2562 702 2632 ’Όνος
720 2570 825 2640 Δύρας.
843 2604 878 2614 -
901 2579 1008 2643 Psgins
1030 2582 1090 2632 115.
1116 2597 1188 2646 quae
1215 2584 1367 2639 afferuntur

300 2654 457 2711 poematum
469 2656 587 2706 alterum
599 2657 821 2721 congiutInatum
839 2663 884 2711 est
901 2675 937 2712 ex
951 2665 1059 2727 aliquot
1075 2666 1239 2731 lragmeutis
1254 2673 1368 2723 dunum

301 2733 474 2799 saturarum,
492 2738 555 2787 scil.
570 2739 780 2803 Endymionsm
798 2746 828 2793 et
843 2744 1049 2810 ilementum,-
1067 2751 1185 2803 alterius
1202 2754 1264 2819 „ile
1283 2756 1367 2806 Gen-

301 2812 398 2865 tibus
417 2814 636 2869 ceuessels“
652 2823 721 2873 mire
739 2823 869 2888 inseripti
885 2833 1006 2883 membra
1021 2834 1148 2897 reperies
1161 2835 1192 2887 in
1210 2840 1270 2889 sat.
1289 2839 1365 2890 Pro-

300 2899 402 2951 methei
419 2898 544 2952 Literi“
564 2902 702 2966 reliquiis.

370 2984 415 3043 ⁸⁴)
430 2984 572 3035 Fecerunt
586 2988 656 3037 Aus.
671 2989 785 3055 Popms,
802 2996 831 3042 et
843 2992 874 3043 P.
891 2998 1061 3053 Burmannus
1077 3002 1107 3053 la
1118 3006 1298 3069 anthologia.

370 3068 414 3128 ³⁶)
433 3065 475 3118 cf.
494 3069 528 3117 de
546 3081 581 3119 eo
599 3070 682 3121 etism
699 3072 811 3126 Miller.
829 3077 858 3128 ln
873 3077 965 3132 Praei.
983 3085 1113 3138 stsrr.
1130 3088 1219 3140 libros
1237 3092 1272 3141 de
1283 3094 1318 3141 1..
1330 3095 1364 3142 Ι..

368 3150 413 3212 ⁸⁸)
432 3150 559 3205 Adriani
576 3154 660 3207 sunu
676 3156 952 3217 Animadverrtoaes
967 3158 1004 3222 ιε’
1014 3169 1235 3224 Otrereettones
1249 3178 1364 3227 sartae.

296 3235 362 3285 llas.
380 3234 458 3287 1559.
477 3237 503 3287 8.
528 3240 600 3304 Bag.
620 3239 723 3293 Comm.
742 3243 819 3294 1758.
839 3246 865 3296 8.
892 3249 1112 3306 lloterod.1⁷tte
1131 3269 1176 3306 ex.
1198 3257 1263 3308 5151.
1282 3258 1316 3309 G.
1336 3275 1364 3309 v.

296 3319 410 3368 Arekel.
428 3320 469 3368 8.’
489 3322 610 3376 Exstant
624 3326 707 3376 etism
723 3326 753 3377 in
769 3329 849 3380 Grut.
866 3332 962 3395 Lamp.
980 3338 1046 3387 toni.
1063 3339 1112 3390 lv.
1129 3366 1165 3379 -
1178 3341 1207 3393 J.
1226 3341 1364 3395 Guilelm

300 3400 490 3453 Vertstmtlie.
518 3407 601 3455 Antr.
620 3406 697 3457 1582.
719 3409 746 3459 8.
772 3412 850 3462 etin
870 3415 949 3467 Grut.
966 3419 1063 3483 Lamp.
1081 3427 1147 3474 tom.
1164 3426 1214 3475 111.
1250 3426 1362 3479 Mureti

299 3484 419 3535 Variae.
434 3485 565 3537 Leettoa.
589 3489 609 3537 1.
632 3490 711 3541 vm.
737 3493 838 3545 venet.
855 3495 932 3549 1551.
956 3501 981 3551 1.
1013 3506 1044 3554 et
1062 3510 1164 3568 postea
1181 3510 1305 3573 saepius.
1328 3538 1363 3550 -

296 3565 324 3618 J.
334 3566 459 3619 Merces.
476 3570 506 3619 lu
517 3570 631 3622 Adnott.
647 3575 682 3623 sd
697 3576 768 3626 Non.
786 3581 914 3632 maroeli.
932 3587 1035 3638 'edant
1052 3591 1173 3653 (Paris.)
1192 3594 1269 3644 1111.
1284 3594 1311 3645 8.
1327 3622 1363 3633 -

362 3652 408 3712 ³⁷)
426 3652 458 3701 lu
476 3654 582 3704 adnott.
600 3657 634 3706 ad
651 3658 765 3724 scripti.
782 3663 866 3714 11.11.
882 3668 997 3728 passim.

363 3732 408 3795 ⁸⁸)
425 3734 458 3785 Iu
475 3734 630 3789 Colleetsu.
647 3740 755 3794 literar.
774 3759 801 3808 n.
819 3746 835 3795 2
853 3752 883 3799 et
898 3765 925 3813 p.
944 3753 994 3802 12⁰
1010 3767 1071 3819 sqq.

361 3813 407 3875 ⁸⁹)
424 3818 533 3871 Prodiit
549 3835 584 3873 ea
600 3824 683 3875 Nonii
699 3828 797 3894 editio,
813 3833 942 3887 Basileae
960 3838 1037 3889 1842.
1056 3840 1082 3889 8.
