2934 4750
497 313 690 359 naussum
712 311 861 359 sucurre.
1150 295 1215 358 Ν

150 479 258 532 interiit
275 479 352 531 illius
374 481 457 546 iiber,
492 481 596 544 inquo
617 483 671 532 boc
693 481 797 534 iactum
824 480 1002 532 obseratum
1024 485 1077 534 est.
1120 485 1162 534 De
1188 486 1216 536 la

151 562 344 616 certatores
361 565 436 617 istos
453 563 592 628 capitibus
609 569 741 616 carentes
756 565 956 628 luterpretatur
971 567 1110 630 capitibus
1127 569 1218 620 minur-

150 651 211 715 tos,
240 660 355 713 quorum
372 661 427 701 nec
446 651 480 699 de
497 649 672 715 credilium,
700 661 755 700 nee
772 651 808 700 de
825 650 945 714 tamilla,
977 663 1030 702 nec
1047 654 1082 702 de
1100 652 1215 706 civitate

150 733 221 784 sutis
246 733 415 786 constiterit.
455 735 515 784 Nec
542 733 723 796 improbabile
746 735 809 786 boe.
848 738 936 786 lirant
964 736 1052 800 igituir
1077 726 1216 801 ἀκέφαλοι

149 819 239 869 loves
256 817 383 883 dicendl,
401 817 420 866 i.
439 829 465 868 e.
484 808 580 880 ἄτιμοι
597 821 637 877 (v.
657 817 734 868 sold.
750 830 774 870 s.
792 831 818 868 r.
836 812 925 884 Ἅιέφ.
944 820 1152 886 Artemidori,
1171 823 1215 871 bb.

149 916 174 963 p.
192 902 251 952 52:
284 893 454 965 ,ξλιιὲφαλοο
469 893 582 965 λέγομεν
598 895 650 950 τὸν
667 891 817 966 braeost),
838 907 888 953 sut
904 906 984 954 corte
1000 895 1121 970 ἀγενεῖς,
1145 918 1218 970 quo-

149 988 232 1036 modo
252 986 312 1037 illc.
331 999 384 1048 pro
401 984 499 1035 Plane.
517 985 566 1050 28,
582 984 626 1035 tl.
646 983 714 1034 dicit
730 977 873 1048 ἀκέφαλοι
892 981 999 1050 αἵρεσιν
1014 988 1033 1038 l.
1051 1001 1077 1039 o.
1098 994 1215 1055 sectum,

149 1069 234 1136 cujus
252 1073 349 1120 certus
364 1071 445 1120 deest
461 1073 563 1120 auctor
577 1073 626 1119 aut
639 1071 733 1133 caput,
751 1072 780 1118 et
794 1067 924 1120 similiter
938 1071 1075 1126 nsondss
1090 1073 1125 1122 de
1140 1077 1215 1124 sect.

149 1158 206 1204 uct.
230 1155 271 1220 V,
296 1168 323 1216 p.
347 1153 389 1204 tt.
414 1165 457 1217 ap.
481 1154 605 1205 bulcen:
642 1142 784 1217 „⁹Els'peao
806 1143 944 1217 ἀκέφαλοι
959 1147 1034 1204 διότι
1049 1153 1091 1224 τῷ
1111 1155 1218 1221 Παιρι-

151 1234 222 1305 άρχῃ
240 1232 336 1288 αὐτῶν
351 1232 390 1302 μὴ
410 1229 655 1302 ἀκολουθήσαντες
671 1227 740 1287 καθ’
757 1229 876 1296 ἑαυτοὺς
893 1231 1092 1290 tauromenum&
1108 1265 1143 1278 --
1162 1241 1218 1293 Oe-

150 1329 238 1373 terum
257 1324 327 1374 llud.
346 1323 482 1372 Merckel.
504 1321 534 1371 in
551 1321 709 1384 Prolegom.
734 1323 769 1372 ad
790 1321 869 1373 ovid.
887 1323 967 1372 Fast.
990 1337 1017 1386 p.
1036 1321 1161 1389 CCXXI,
1190 1325 1216 1375 l.

150 1407 233 1458 ailert
250 1410 321 1457 bunc
340 1407 375 1456 ir.
392 1419 428 1455 ex
445 1407 529 1455 Varr.
544 1406 610 1454 lter.
627 1407 705 1454 llum.
728 1406 758 1455 et
775 1405 866 1456 lliviu.
890 1407 909 1456 l.
928 1406 1009 1472 xv1;
1038 1407 1137 1458 nescio
1161 1421 1215 1471 quo

146 1489 222 1555 jure.
257 1491 330 1542 Vide
346 1504 400 1540 nos
415 1501 501 1551 supra
515 1488 543 1537 in
563 1487 744 1539 Commentat.
765 1487 833 1550 cap.
850 1489 892 1555 ll,
909 1503 935 1552 p.
953 1489 996 1542 ts.

218 1576 245 1623 b.
280 1575 384 1624 Arnob.
407 1575 471 1623 adv.
492 1573 575 1623 Gent.
594 1571 649 1635 Vl,
675 1585 704 1634 p.
729 1570 787 1622 lte,
810 1573 853 1622 etl.
877 1573 1001 1624 Elmenh.
1029 1577 1070 1636 (p.
1092 1574 1151 1624 tut.
1173 1577 1216 1625 ed.

150 1657 257 1717 Cant).
279 1683 315 1695 -
335 1657 407 1707 Vide
425 1669 479 1706 nos
498 1667 585 1718 snpra
599 1654 628 1704 in
644 1653 796 1705 Comment.
815 1655 873 1719 Gap
899 1657 940 1723 ll,
970 1672 996 1719 p.
1015 1655 1049 1708 le
1065 1671 1126 1722 sqq.
1145 1661 1174 1708 et
1190 1671 1216 1720 p.

149 1741 209 1791 iub.
225 1742 259 1792 aul
277 1742 335 1789 Sat.
356 1733 560 1800 Πλοοτόρινοο.

218 1822 244 1874 i.
279 1824 403 1872 Macron.
423 1825 534 1872 saturn.
553 1822 594 1885 V,
612 1820 655 1870 2⁰.
672 1845 706 1857 -
728 1820 763 1870 V.
779 1823 837 1871 Sat.
860 1820 935 1885 Ταφ.
952 1818 1104 1874 Μενίππου
1119 1825 1154 1875 ii.
1172 1825 1214 1875 lu.

217 1909 243 1957 b.
276 1907 381 1969 Popma
398 1906 467 1956 citat
484 1907 555 1956 bune
575 1905 668 1954 locum
691 1916 728 1954 ex
745 1903 898 1970 Augustini
917 1905 996 1957 libris
1018 1909 1051 1958 de
1067 1907 1128 1960 Gir.
1147 1909 1214 1972 uei;

149 1992 199 2041 sed
215 1989 287 2056 mibi,
307 2001 392 2051 opere
409 1991 461 2039 boc
475 2001 565 2052 paene
580 1988 743 2040 sexcenties
760 1990 919 2055 percolato,
937 1991 1063 2053 reperire
1082 2005 1145 2043 eum
1158 2004 1216 2043 non

148 2075 251 2124 euenit.

216 2159 242 2207 b.
276 2161 387 2207 seneca
408 2155 633 2217 Apocolocyntb.
655 2166 683 2215 p.
709 2152 770 2202 993.
795 2157 840 2204 ed.
862 2154 940 2215 Lips.
962 2167 989 2202 a.
1007 2153 1084 2204 17⁷0.
1119 2157 1215 2207 lsocus

147 2239 249 2292 nescio
266 2253 321 2302 quo
333 2236 402 2301 jure
418 2249 436 2285 a
452 2237 558 2297 l’opma
573 2237 608 2285 ad
625 2237 744 2285 saturas
757 2235 897 2284 Varronis
913 2235 1031 2284 relatus.
1046 2261 1082 2274 -
1098 2236 1215 2290 claudio

149 2324 277 2375 Caesare
294 2321 324 2370 in
339 2323 463 2370 Deorum
479 2317 628 2367 concilium
646 2317 777 2382 adducto,
795 2316 925 2379 quaestio
942 2316 1042 2382 oritur,
1059 2317 1217 2386 cujusmodi

148 2412 221 2459 deus
241 2420 277 2456 ex
297 2418 332 2455 eo
357 2402 504 2453 faciendus
528 2402 582 2466 sit,
610 2401 683 2451 unde
704 2401 758 2451 boc
779 2402 862 2453 modo
883 2401 1076 2465 interrogant:
1110 2405 1217 2469 „Modo

149 2494 195 2543 dic
219 2490 317 2555 nobis,
346 2487 455 2550 qualem
479 2486 559 2535 deum
576 2484 660 2533 istum
677 2480 740 2534 lieri
761 2484 850 2535 relisz
881 2477 1056 2549 ἐπικούροισι
1072 2481 1144 2547 θεὸς
1159 2501 1216 2539 non

148 2577 245 2638 potest
267 2584 348 2623 esse:
381 2561 445 2619 οὔτε
464 2558 549 2626 αὐτὸς
571 2565 688 2631 πρᾶγμα
707 2560 761 2631 ἔχει
780 2559 844 2619 οὔτε
862 2559 964 2627 ἄλλους
979 2563 1101 2634 παρέχει.
1140 2572 1219 2622 stoi-

148 2650 220 2709 cnsl
249 2654 388 2720 quomodo
403 2655 501 2716 potest
520 2648 598 2704 τοι.α
618 2664 681 2714 sqq.
715 2651 831 2701 Stoicos
849 2654 910 2704 lleo
927 2654 1073 2704 rotundam
1091 2655 1216 2721 formam,

115 2736 122 2753 ‘
149 2740 249 2804 quippe
271 2736 504 2802 perfectissimam
528 2733 708 2800 attribuisse,
737 2736 833 2786 notum
860 2738 914 2790 est.
956 2735 1100 2788 Claudium
1124 2741 1216 2789 autem

149 2824 301 2875 Caesarem
317 2823 382 2872 ideo
400 2817 531 2885 judicant
549 2817 674 2870 Stoicum
693 2819 780 2870 Deum
798 2815 861 2871 fieri
877 2832 933 2870 non
947 2829 1051 2887 posse,
1083 2821 1148 2885 quia
1169 2825 1217 2874 vel

148 2921 184 2959 ea
197 2907 253 2969 ipsi
270 2906 372 2970 desint,
389 2916 505 2968 quorum
522 2904 611 2954 adbuc
631 2902 726 2965 aliqua
743 2915 806 2954 cum
823 2905 944 2955 rotunda
960 2900 1054 2968 figura
1071 2908 1216 2975 cognatio,

149 2993 278 3052 caputet
293 2989 476 3053 praeputium.
509 2988 569 3037 Nec
584 2986 678 3049 inepte
693 2984 805 3037 omnino
821 2986 906 3051 casp.
920 2990 1013 3040 Barth.
1027 2991 1098 3042 Adv.
1113 2993 1163 3057 Vl,
1174 2992 1216 3043 8.;
1235 2996 1240 3005 ’

148 3075 236 3139 „Nam
257 3073 324 3123 illud
347 3072 388 3123 ita
407 3071 585 3135 capiendum:
619 3071 682 3131 Quo
703 3072 786 3121 modo
805 3072 867 3135 quis
887 3076 983 3133 potest
1001 3074 1078 3124 Deus
1097 3087 1164 3124 esse
1181 3076 1216 3125 ad

148 3159 306 3207 stoicorum
325 3167 464 3220 normam,
487 3154 545 3217 qui
560 3165 625 3203 nec
642 3154 831 3213 voluptate
849 3154 1055 3218 afficiatur,
1081 3167 1145 3203 nec
1162 3168 1217 3204 sa-

146 3240 316 3303 pientiam
334 3239 448 3300 curet,
476 3239 525 3285 aiut
543 3246 655 3295 operam
672 3235 720 3281 dat
737 3234 823 3282 rebus
842 3236 902 3283 suis
921 3236 992 3283 bene
1010 3235 1214 3297 ordinatimque

147 3317 384 3375 administrandis.
418 3316 554 3375 Quoniam
570 3315 642 3364 enim
657 3315 727 3363 deos
744 3325 801 3362 uon
816 3325 916 3362 curare
935 3314 1064 3364 mortalia
1079 3317 1126 3365 vel
1142 3316 1215 3367 citra

146 3407 273 3456 favorem
291 3404 382 3449 tamen
397 3399 492 3447 dicunt
510 3396 636 3446 nonnulli
647 3394 807 3446 Stoicorum
825 3398 853 3445 et
868 3396 982 3447 eosdem
995 3398 1139 3460 voluptate
1157 3412 1214 3449 non

146 3483 235 3549 aificl,
253 3482 315 3533 sine
331 3481 423 3545 capite
438 3483 468 3530 et
482 3479 629 3543 praeputio
646 3476 724 3544 tingi,
742 3490 793 3541 per
805 3476 904 3545 jocum
920 3479 990 3530 dixit
1009 3480 1133 3531 satiricis
1149 3482 1216 3533 tali-

146 3574 200 3623 bus
224 3565 414 3618 facetissimus
430 3560 556 3617 Vurro“.

215 3651 241 3701 7.
275 3652 328 3713 Ap.
345 3652 418 3700 Non.
436 3663 463 3711 p.
481 3647 542 3712 206,
557 3645 600 3695 24.
618 3659 646 3695 v.
664 3646 838 3696 linimentum
855 3648 965 3712 neutro,
983 3649 1015 3699 ut
1031 3650 1077 3698 est
1092 3647 1121 3698 in
1135 3661 1214 3711 pro·

147 3734 274 3787 verbio
297 3732 431 3797 veteri,
459 3743 526 3795 quo
549 3730 663 3782 Varro
686 3730 798 3781 utitur
819 3731 979 3793 saepius:
1010 3732 1044 3783 ll.
1064 3732 1085 3781 l.
1110 3745 1151 3782 sc.
1179 3758 1214 3770 -

147 3820 238 3879 Quum
257 3817 364 3869 Nonius
386 3812 507 3867 affirmet
527 3815 581 3864 hoc
603 3812 754 3875 proverbio
777 3812 891 3874 saepius
914 3826 994 3865 usum
1018 3827 1084 3865 esse
1103 3815 1215 3865 Varro-

146 3914 224 3966 nem,
254 3900 371 3965 ipseque
388 3902 474 3963 longe
494 3897 638 3960 plurimam
658 3897 877 3959 fragmentorum
895 3897 1035 3948 Varronis
1050 3900 1157 3960 partem
1176 3910 1212 3949 ex

146 3984 258 4035 saturis
274 3981 358 4048 an'us
376 3982 454 4046 citet,
471 3993 542 4044 quas
559 3979 700 4031 scatuisse
714 3978 937 4041 proverbialibus
956 3982 1071 4033 constat
1088 3980 1213 4031 locutio-

145 4068 244 4132 nibus,
265 4067 329 4117 inde
345 4067 399 4115 boc
416 4064 452 4116 ir.
468 4067 631 4115 saturarum
647 4061 775 4127 reliquiis
790 4062 968 4117 inserendum
986 4063 1156 4115 censuimus.
1177 4090 1213 4103 -
