<?xml version="1.0" encoding="UTF-8"?>
<!DOCTYPE html PUBLIC "-//W3C//DTD XHTML 1.0 Transitional//EN"
    "http://www.w3.org/TR/xhtml1/DTD/xhtml1-transitional.dtd">
<html xmlns="http://www.w3.org/1999/xhtml" xml:lang="en" lang="en">
 <head>
  <title>
</title>
<meta http-equiv="Content-Type" content="text/html;charset=utf-8" />
  <meta name='ocr-system' content='tesseract 3.04.00' />
  <meta name='ocr-capabilities' content='ocr_page ocr_carea ocr_par ocr_line ocrx_word'/>
</head>
<body>
  <div class='ocr_page' id='page_1' title='image "./mterentiusvarro00oehlgoog/mterentiusvarro00oehlgoog_0175.png"; bbox 0 0 2934 4750; ppageno 0'>
   <div class='ocr_carea' id='block_1_1' title="bbox 327 327 1195 397">
    <p class='ocr_par' dir='ltr' id='par_1_1' title="bbox 327 327 1195 397">
     <span class='ocr_line' id='line_1_1' title="bbox 327 327 1195 397; baseline 0.008 -17"><span class='ocrx_word' id='word_1_1' title='bbox 327 337 520 380; x_wconf 78' lang='lat' dir='ltr'><strong>snruauauu</strong></span> <span class='ocrx_word' id='word_1_2' title='bbox 544 339 775 383; x_wconf 79' lang='lat' dir='ltr'><strong>nuurrrsnnuu</strong></span> <span class='ocrx_word' id='word_1_3' title='bbox 797 340 981 397; x_wconf 73' lang='lat' dir='ltr'><strong>antiquus.</strong></span> <span class='ocrx_word' id='word_1_4' title='bbox 1134 327 1195 387; x_wconf 74' lang='lat'><strong>108</strong></span> 
     </span>
    </p>
   </div>
   <div class='ocr_carea' id='block_1_2' title="bbox 60 504 1196 1495">
    <p class='ocr_par' dir='ltr' id='par_1_2' title="bbox 60 504 1196 1495">
     <span class='ocr_line' id='line_1_2' title="bbox 122 504 1194 573; baseline 0.011 -21"><span class='ocrx_word' id='word_1_5' title='bbox 122 504 261 553; x_wconf 86' lang='lat' dir='ltr'><strong>Varronis</strong></span> <span class='ocrx_word' id='word_1_6' title='bbox 286 505 458 570; x_wconf 71' lang='lat' dir='ltr'><strong>fragmento,</strong></span> <span class='ocrx_word' id='word_1_7' title='bbox 489 505 615 556; x_wconf 82' lang='lat' dir='ltr'><strong>fortasse</strong></span> <span class='ocrx_word' id='word_1_8' title='bbox 637 505 733 557; x_wconf 85' lang='lat' dir='ltr'><strong>mirum</strong></span> <span class='ocrx_word' id='word_1_9' title='bbox 753 505 871 557; x_wconf 84' lang='lat' dir='ltr'><strong>videtur.</strong></span> <span class='ocrx_word' id='word_1_10' title='bbox 907 509 962 558; x_wconf 78' lang='lat' dir='ltr'><strong>Sed</strong></span> <span class='ocrx_word' id='word_1_11' title='bbox 979 507 1054 558; x_wconf 82' lang='lat' dir='ltr'><strong>inest</strong></span> <span class='ocrx_word' id='word_1_12' title='bbox 1069 512 1194 573; x_wconf 63' lang='lat' dir='ltr'><strong>medacii</strong></span> 
     </span>
     <span class='ocr_line' id='line_1_3' title="bbox 122 587 1195 658; baseline 0.009 -21"><span class='ocrx_word' id='word_1_13' title='bbox 122 587 184 650; x_wconf 81' lang='lat' dir='ltr'><strong>equi</strong></span> <span class='ocrx_word' id='word_1_14' title='bbox 204 589 356 650; x_wconf 80' lang='lat' dir='ltr'><strong>explicatio</strong></span> <span class='ocrx_word' id='word_1_15' title='bbox 375 589 403 639; x_wconf 90' lang='lat' dir='ltr'><strong>in</strong></span> <span class='ocrx_word' id='word_1_16' title='bbox 421 589 516 638; x_wconf 85' lang='lat' dir='ltr'><strong>verbis</strong></span> <span class='ocrx_word' id='word_1_17' title='bbox 537 591 647 654; x_wconf 85' lang='lat' dir='ltr'><strong>„gradu</strong></span> <span class='ocrx_word' id='word_1_18' title='bbox 664 589 769 640; x_wconf 87' lang='lat' dir='ltr'><strong>tolutiii</strong></span> <span class='ocrx_word' id='word_1_19' title='bbox 789 618 816 626; x_wconf 99' lang='lat'>-</span> <span class='ocrx_word' id='word_1_20' title='bbox 837 590 967 643; x_wconf 84' lang='lat' dir='ltr'><strong>vectus“.</strong></span> <span class='ocrx_word' id='word_1_21' title='bbox 1008 593 1077 642; x_wconf 80' lang='lat' dir='ltr'><strong>Nam</strong></span> <span class='ocrx_word' id='word_1_22' title='bbox 1103 607 1195 658; x_wconf 82' lang='lat' dir='ltr'><strong>equus</strong></span> 
     </span>
     <span class='ocr_line' id='line_1_4' title="bbox 123 667 1193 744; baseline 0.009 -24"><span class='ocrx_word' id='word_1_23' title='bbox 123 673 231 722; x_wconf 88' lang='lat' dir='ltr'><strong>tolutim</strong></span> <span class='ocrx_word' id='word_1_24' title='bbox 250 673 291 724; x_wconf 90' lang='lat' dir='ltr'><strong>ire</strong></span> <span class='ocrx_word' id='word_1_25' title='bbox 310 675 428 736; x_wconf 83' lang='lat' dir='ltr'><strong>doetus,</strong></span> <span class='ocrx_word' id='word_1_26' title='bbox 456 672 539 723; x_wconf 91' lang='lat' dir='ltr'><strong>etiam</strong></span> <span class='ocrx_word' id='word_1_27' title='bbox 558 673 707 744; x_wconf 83' lang='lat' dir='ltr'><strong>gradarius</strong></span> <span class='ocrx_word' id='word_1_28' title='bbox 723 673 779 724; x_wconf 88' lang='lat' dir='ltr'><strong>dici</strong></span> <span class='ocrx_word' id='word_1_29' title='bbox 800 678 904 736; x_wconf 79' lang='lat' dir='ltr'><strong>potest.</strong></span> <span class='ocrx_word' id='word_1_30' title='bbox 940 676 1011 730; x_wconf 77' lang='lat' dir='ltr'><strong>Pim.</strong></span> <span class='ocrx_word' id='word_1_31' title='bbox 1028 667 1109 743; x_wconf 83' lang='lat' dir='ltr'><strong>vui,</strong></span> <span class='ocrx_word' id='word_1_32' title='bbox 1134 679 1193 730; x_wconf 61' lang='lat' dir='ltr'><strong>ia:</strong></span> 
     </span>
     <span class='ocr_line' id='line_1_5' title="bbox 122 757 1194 825; baseline 0.008 -21"><span class='ocrx_word' id='word_1_33' title='bbox 122 757 330 823; x_wconf 57' lang='lat' dir='ltr'><strong>„asturconem</strong></span> <span class='ocrx_word' id='word_1_34' title='bbox 350 757 449 819; x_wconf 82' lang='lat' dir='ltr'><strong>quibus</strong></span> <span class='ocrx_word' id='word_1_35' title='bbox 468 769 525 806; x_wconf 90' lang='lat' dir='ltr'><strong>non</strong></span> <span class='ocrx_word' id='word_1_36' title='bbox 543 757 671 819; x_wconf 85' lang='lat' dir='ltr'><strong>vulgaris</strong></span> <span class='ocrx_word' id='word_1_37' title='bbox 688 757 819 808; x_wconf 87' lang='lat' dir='ltr'><strong>incursu</strong></span> <span class='ocrx_word' id='word_1_38' title='bbox 837 760 951 825; x_wconf 57' lang='lat' dir='ltr'><strong>medus,</strong></span> <span class='ocrx_word' id='word_1_39' title='bbox 972 761 1021 809; x_wconf 91' lang='lat' dir='ltr'><strong>sed</strong></span> <span class='ocrx_word' id='word_1_40' title='bbox 1039 761 1133 813; x_wconf 84' lang='lat' dir='ltr'><strong>mellis</strong></span> <span class='ocrx_word' id='word_1_41' title='bbox 1150 765 1194 815; x_wconf 89' lang='lat' dir='ltr'><strong>al-</strong></span> 
     </span>
     <span class='ocr_line' id='line_1_6' title="bbox 122 839 1194 909; baseline 0.009 -21"><span class='ocrx_word' id='word_1_42' title='bbox 122 845 201 890; x_wconf 84' lang='lat' dir='ltr'><strong>terno</strong></span> <span class='ocrx_word' id='word_1_43' title='bbox 219 853 330 891; x_wconf 87' lang='lat' dir='ltr'><strong>crurum</strong></span> <span class='ocrx_word' id='word_1_44' title='bbox 348 840 491 902; x_wconf 84' lang='lat' dir='ltr'><strong>explicatu</strong></span> <span class='ocrx_word' id='word_1_45' title='bbox 508 839 706 904; x_wconf 78' lang='lat' dir='ltr'><strong>glomeratiu‘.</strong></span> <span class='ocrx_word' id='word_1_46' title='bbox 721 867 756 879; x_wconf 91' lang='lat'><em>-</em></span> <span class='ocrx_word' id='word_1_47' title='bbox 774 843 801 892; x_wconf 82' lang='lat' dir='ltr'><strong>te</strong></span> <span class='ocrx_word' id='word_1_48' title='bbox 815 844 926 894; x_wconf 78' lang='lat' dir='ltr'><strong>medius</strong></span> <span class='ocrx_word' id='word_1_49' title='bbox 943 857 989 909; x_wconf 80' lang='lat' dir='ltr'><strong>qu.</strong></span> <span class='ocrx_word' id='word_1_50' title='bbox 1008 843 1096 897; x_wconf 80' lang='lat' dir='ltr'><strong>Gedd.</strong></span> <span class='ocrx_word' id='word_1_51' title='bbox 1114 861 1194 899; x_wconf 90' lang='lat' dir='ltr'><strong>men-</strong></span> 
     </span>
     <span class='ocr_line' id='line_1_7' title="bbox 73 923 1194 992; baseline 0.011 -20"><span class='ocrx_word' id='word_1_52' title='bbox 73 923 76 930; x_wconf 86' lang='lat'>&#39;</span> <span class='ocrx_word' id='word_1_53' title='bbox 122 924 199 974; x_wconf 85' lang='lat' dir='ltr'><strong>dese.</strong></span> <span class='ocrx_word' id='word_1_54' title='bbox 236 927 263 976; x_wconf 85' lang='lat' dir='ltr'><strong>te</strong></span> <span class='ocrx_word' id='word_1_55' title='bbox 281 926 386 992; x_wconf 80' lang='lat' dir='ltr'><strong>melius</strong></span> <span class='ocrx_word' id='word_1_56' title='bbox 406 924 483 987; x_wconf 76' lang='lat' dir='ltr'><strong>nid,</strong></span> <span class='ocrx_word' id='word_1_57' title='bbox 504 926 587 988; x_wconf 76' lang='lat' dir='ltr'><strong>dum,</strong></span> <span class='ocrx_word' id='word_1_58' title='bbox 611 925 724 986; x_wconf 84' lang='lat' dir='ltr'><strong>Pcpma.</strong></span> <span class='ocrx_word' id='word_1_59' title='bbox 749 953 782 963; x_wconf 97' lang='lat'>-</span> <span class='ocrx_word' id='word_1_60' title='bbox 804 929 952 978; x_wconf 87' lang='lat' dir='ltr'><strong>Mereerus</strong></span> <span class='ocrx_word' id='word_1_61' title='bbox 973 941 1075 981; x_wconf 77' lang='lat' dir='ltr'><strong>versum</strong></span> <span class='ocrx_word' id='word_1_62' title='bbox 1096 931 1194 984; x_wconf 84' lang='lat' dir='ltr'><strong>inesse</strong></span> 
     </span>
     <span class='ocr_line' id='line_1_8' title="bbox 121 1009 1194 1076; baseline 0.009 -18"><span class='ocrx_word' id='word_1_63' title='bbox 121 1011 201 1070; x_wconf 89' lang='lat' dir='ltr'><strong>putat</strong></span> <span class='ocrx_word' id='word_1_64' title='bbox 223 1011 252 1059; x_wconf 90' lang='lat' dir='ltr'><strong>et</strong></span> <span class='ocrx_word' id='word_1_65' title='bbox 269 1009 312 1058; x_wconf 88' lang='lat' dir='ltr'><strong>sie</strong></span> <span class='ocrx_word' id='word_1_66' title='bbox 329 1009 474 1072; x_wconf 78' lang='lat' dir='ltr'><strong>legendum</strong></span> <span class='ocrx_word' id='word_1_67' title='bbox 491 1021 557 1058; x_wconf 88' lang='lat' dir='ltr'><strong>esse</strong></span> <span class='ocrx_word' id='word_1_68' title='bbox 574 1011 687 1058; x_wconf 85' lang='lat' dir='ltr'><strong>censet:</strong></span> <span class='ocrx_word' id='word_1_69' title='bbox 715 1033 767 1074; x_wconf 85' lang='grc'><strong>,,·-</strong></span> <span class='ocrx_word' id='word_1_70' title='bbox 786 1009 832 1060; x_wconf 80' lang='lat' dir='ltr'><strong>Aa</strong></span> <span class='ocrx_word' id='word_1_71' title='bbox 849 1013 897 1075; x_wconf 77' lang='lat' dir='ltr'><strong>qai</strong></span> <span class='ocrx_word' id='word_1_72' title='bbox 909 1014 1008 1076; x_wconf 72' lang='lat' dir='ltr'><strong>prada</strong></span> <span class='ocrx_word' id='word_1_73' title='bbox 1024 1016 1135 1068; x_wconf 79' lang='lat' dir='ltr'><strong>tolattlt</strong></span> <span class='ocrx_word' id='word_1_74' title='bbox 1153 1017 1194 1068; x_wconf 76' lang='lat' dir='ltr'><strong>Te</strong></span> 
     </span>
     <span class='ocr_line' id='line_1_9' title="bbox 121 1092 1193 1160; baseline 0.009 -18"><span class='ocrx_word' id='word_1_75' title='bbox 121 1094 226 1143; x_wconf 78' lang='lat' dir='ltr'><strong>mediis</strong></span> <span class='ocrx_word' id='word_1_76' title='bbox 244 1095 357 1157; x_wconf 75' lang='lat' dir='ltr'><strong>campis</strong></span> <span class='ocrx_word' id='word_1_77' title='bbox 374 1094 504 1144; x_wconf 80' lang='lat' dir='ltr'><strong>molliter</strong></span> <span class='ocrx_word' id='word_1_78' title='bbox 527 1096 643 1160; x_wconf 82' lang='lat' dir='ltr'><strong>vectus,</strong></span> <span class='ocrx_word' id='word_1_79' title='bbox 670 1095 728 1143; x_wconf 82' lang='lat' dir='ltr'><strong>cite</strong></span> <span class='ocrx_word' id='word_1_80' title='bbox 747 1092 935 1159; x_wconf 57' lang='lat' dir='ltr'><strong>mitescunt(</strong></span> <span class='ocrx_word' id='word_1_81' title='bbox 974 1097 1017 1144; x_wconf 84' lang='lat' dir='ltr'><strong>Ad</strong></span> <span class='ocrx_word' id='word_1_82' title='bbox 1034 1100 1138 1150; x_wconf 79' lang='lat' dir='ltr'><strong>melias</strong></span> <span class='ocrx_word' id='word_1_83' title='bbox 1157 1111 1193 1151; x_wconf 85' lang='lat' dir='ltr'><strong>ex</strong></span> 
     </span>
     <span class='ocr_line' id='line_1_10' title="bbox 120 1176 1195 1248; baseline 0.007 -24"><span class='ocrx_word' id='word_1_84' title='bbox 120 1176 304 1238; x_wconf 84' lang='lat' dir='ltr'><strong>sequentihus</strong></span> <span class='ocrx_word' id='word_1_85' title='bbox 328 1181 423 1238; x_wconf 87' lang='lat' dir='ltr'><strong>repete</strong></span> <span class='ocrx_word' id='word_1_86' title='bbox 444 1178 551 1228; x_wconf 82' lang='lat' dir='ltr'><strong>vectas.</strong></span> <span class='ocrx_word' id='word_1_87' title='bbox 568 1203 601 1216; x_wconf 87' lang='lat'>-</span> <span class='ocrx_word' id='word_1_88' title='bbox 621 1178 753 1227; x_wconf 79' lang='lat' dir='ltr'><strong>molliter</strong></span> <span class='ocrx_word' id='word_1_89' title='bbox 769 1179 869 1228; x_wconf 83' lang='lat' dir='ltr'><strong>vectas</strong></span> <span class='ocrx_word' id='word_1_90' title='bbox 893 1183 974 1228; x_wconf 85' lang='lat' dir='ltr'><strong>arcte</strong></span> <span class='ocrx_word' id='word_1_91' title='bbox 992 1184 1057 1229; x_wconf 86' lang='lat' dir='ltr'><strong>sunt</strong></span> <span class='ocrx_word' id='word_1_92' title='bbox 1074 1181 1195 1248; x_wconf 85' lang='lat' dir='ltr'><strong>conjun-</strong></span> 
     </span>
     <span class='ocr_line' id='line_1_11' title="bbox 120 1259 1196 1327; baseline 0.007 -18"><span class='ocrx_word' id='word_1_93' title='bbox 120 1260 213 1322; x_wconf 82' lang='lat' dir='ltr'><strong>genda</strong></span> <span class='ocrx_word' id='word_1_94' title='bbox 232 1271 312 1322; x_wconf 85' lang='lat' dir='ltr'><strong>quum</strong></span> <span class='ocrx_word' id='word_1_95' title='bbox 328 1259 385 1309; x_wconf 90' lang='lat' dir='ltr'><strong>sint</strong></span> <span class='ocrx_word' id='word_1_96' title='bbox 402 1274 469 1322; x_wconf 84' lang='lat' dir='ltr'><strong>pro:</strong></span> <span class='ocrx_word' id='word_1_97' title='bbox 497 1261 545 1323; x_wconf 85' lang='lat' dir='ltr'><strong>qui</strong></span> <span class='ocrx_word' id='word_1_98' title='bbox 569 1261 692 1311; x_wconf 86' lang='lat' dir='ltr'><strong>molliter</strong></span> <span class='ocrx_word' id='word_1_99' title='bbox 715 1265 816 1312; x_wconf 86' lang='lat' dir='ltr'><strong>vectus</strong></span> <span class='ocrx_word' id='word_1_100' title='bbox 839 1264 893 1311; x_wconf 88' lang='lat' dir='ltr'><strong>est.</strong></span> <span class='ocrx_word' id='word_1_101' title='bbox 915 1289 949 1298; x_wconf 92' lang='lat'><em>-</em></span> <span class='ocrx_word' id='word_1_102' title='bbox 972 1264 1091 1326; x_wconf 84' lang='lat' dir='ltr'><strong>„Nonne</strong></span> <span class='ocrx_word' id='word_1_103' title='bbox 1111 1278 1196 1327; x_wconf 88' lang='lat' dir='ltr'><strong>prae·</strong></span> 
     </span>
     <span class='ocr_line' id='line_1_12' title="bbox 60 1343 1193 1412; baseline 0.007 -20"><span class='ocrx_word' id='word_1_104' title='bbox 60 1369 64 1380; x_wconf 82' lang='lat'>-</span> <span class='ocrx_word' id='word_1_105' title='bbox 121 1343 242 1393; x_wconf 80' lang='lat' dir='ltr'><strong>stantior</strong></span> <span class='ocrx_word' id='word_1_106' title='bbox 263 1347 308 1394; x_wconf 87' lang='lat' dir='ltr'><strong>est</strong></span> <span class='ocrx_word' id='word_1_107' title='bbox 330 1344 394 1410; x_wconf 88' lang='lat' dir='ltr'><strong>ille,</strong></span> <span class='ocrx_word' id='word_1_108' title='bbox 423 1345 482 1410; x_wconf 87' lang='lat' dir='ltr'><strong>qui,</strong></span> <span class='ocrx_word' id='word_1_109' title='bbox 513 1347 602 1408; x_wconf 83' lang='lat' dir='ltr'><strong>gradu</strong></span> <span class='ocrx_word' id='word_1_110' title='bbox 629 1345 716 1395; x_wconf 87' lang='lat' dir='ltr'><strong>celeri</strong></span> <span class='ocrx_word' id='word_1_111' title='bbox 742 1348 771 1395; x_wconf 90' lang='lat' dir='ltr'><strong>et</strong></span> <span class='ocrx_word' id='word_1_112' title='bbox 795 1345 925 1408; x_wconf 82' lang='lat' dir='ltr'><strong>expedito</strong></span> <span class='ocrx_word' id='word_1_113' title='bbox 948 1346 1056 1412; x_wconf 85' lang='lat' dir='ltr'><strong>nitens,</strong></span> <span class='ocrx_word' id='word_1_114' title='bbox 1085 1352 1113 1398; x_wconf 88' lang='lat' dir='ltr'><strong>te</strong></span> <span class='ocrx_word' id='word_1_115' title='bbox 1135 1349 1193 1401; x_wconf 85' lang='lat' dir='ltr'><strong>cite</strong></span> 
     </span>
     <span class='ocr_line' id='line_1_13' title="bbox 120 1417 1195 1495; baseline 0.006 -17"><span class='ocrx_word' id='word_1_116' title='bbox 120 1429 274 1488; x_wconf 87' lang='lat' dir='ltr'><strong>praevertit</strong></span> <span class='ocrx_word' id='word_1_117' title='bbox 292 1431 321 1478; x_wconf 89' lang='lat' dir='ltr'><strong>et</strong></span> <span class='ocrx_word' id='word_1_118' title='bbox 342 1429 508 1493; x_wconf 77' lang='lat' dir='ltr'><strong>antecessit,</strong></span> <span class='ocrx_word' id='word_1_119' title='bbox 524 1429 639 1492; x_wconf 86' lang='lat' dir='ltr'><strong>insuper</strong></span> <span class='ocrx_word' id='word_1_120' title='bbox 655 1417 755 1479; x_wconf 82' lang='lat' dir='ltr'><strong>meliu&#39;s</strong></span> <span class='ocrx_word' id='word_1_121' title='bbox 773 1430 884 1494; x_wconf 81' lang='lat' dir='ltr'><strong>vectus,</strong></span> <span class='ocrx_word' id='word_1_122' title='bbox 899 1442 979 1492; x_wconf 78' lang='lat' dir='ltr'><strong>qurum</strong></span> <span class='ocrx_word' id='word_1_123' title='bbox 999 1434 1038 1495; x_wconf 89' lang='lat' dir='ltr'><strong>tu,</strong></span> <span class='ocrx_word' id='word_1_124' title='bbox 1057 1433 1103 1494; x_wconf 85' lang='lat' dir='ltr'><strong>qui</strong></span> <span class='ocrx_word' id='word_1_125' title='bbox 1123 1435 1195 1484; x_wconf 85' lang='lat' dir='ltr'><strong>mel-</strong></span> 
     </span>
    </p>
   </div>
   <div class='ocr_carea' id='block_1_3' title="bbox 15 1507 744 1576">
    <p class='ocr_par' dir='ltr' id='par_1_3' title="bbox 15 1507 744 1576">
     <span class='ocr_line' id='line_1_14' title="bbox 15 1507 744 1576; baseline 0.004 -17"><span class='ocrx_word' id='word_1_126' title='bbox 15 1529 16 1538; x_wconf 48' lang='lat'><em>*</em></span> <span class='ocrx_word' id='word_1_127' title='bbox 120 1513 230 1562; x_wconf 78' lang='lat' dir='ltr'><strong>litaret</strong></span> <span class='ocrx_word' id='word_1_128' title='bbox 249 1513 342 1563; x_wconf 85' lang='lat' dir='ltr'><strong>otiose</strong></span> <span class='ocrx_word' id='word_1_129' title='bbox 361 1511 439 1562; x_wconf 80' lang='lat' dir='ltr'><strong>fuisti</strong></span> <span class='ocrx_word' id='word_1_130' title='bbox 457 1507 596 1564; x_wconf 67' lang='lat' dir='ltr'><strong>vectusi“</strong></span> <span class='ocrx_word' id='word_1_131' title='bbox 631 1514 744 1576; x_wconf 85' lang='lat' dir='ltr'><strong>Popma.</strong></span> 
     </span>
    </p>
   </div>
   <div class='ocr_carea' id='block_1_4' title="bbox 119 1629 1196 3035">
    <p class='ocr_par' dir='ltr' id='par_1_4' title="bbox 119 1629 1196 3035">
     <span class='ocr_line' id='line_1_15' title="bbox 190 1629 1196 1696; baseline 0.006 -19"><span class='ocrx_word' id='word_1_132' title='bbox 190 1629 215 1678; x_wconf 81' lang='lat'><strong>2.</strong></span> <span class='ocrx_word' id='word_1_133' title='bbox 252 1633 304 1690; x_wconf 82' lang='lat' dir='ltr'><strong>Ap.</strong></span> <span class='ocrx_word' id='word_1_134' title='bbox 321 1631 393 1683; x_wconf 86' lang='lat' dir='ltr'><strong>Non.</strong></span> <span class='ocrx_word' id='word_1_135' title='bbox 412 1645 437 1692; x_wconf 93' lang='lat' dir='ltr'><strong>p.</strong></span> <span class='ocrx_word' id='word_1_136' title='bbox 454 1631 513 1696; x_wconf 82' lang='grc'><strong>176,</strong></span> <span class='ocrx_word' id='word_1_137' title='bbox 532 1631 575 1678; x_wconf 79' lang='lat'><strong>20.</strong></span> <span class='ocrx_word' id='word_1_138' title='bbox 594 1646 619 1680; x_wconf 80' lang='lat' dir='ltr'><strong>a.</strong></span> <span class='ocrx_word' id='word_1_139' title='bbox 639 1633 791 1696; x_wconf 78' lang='lat' dir='ltr'><strong>saperdae,</strong></span> <span class='ocrx_word' id='word_1_140' title='bbox 811 1630 892 1692; x_wconf 84' lang='lat' dir='ltr'><strong>quasi</strong></span> <span class='ocrx_word' id='word_1_141' title='bbox 912 1630 1055 1693; x_wconf 85' lang='lat' dir='ltr'><strong>sapientes</strong></span> <span class='ocrx_word' id='word_1_142' title='bbox 1076 1634 1122 1683; x_wconf 83' lang='lat' dir='ltr'><strong>vel</strong></span> <span class='ocrx_word' id='word_1_143' title='bbox 1141 1633 1196 1683; x_wconf 90' lang='lat' dir='ltr'><strong>eii-</strong></span> 
     </span>
     <span class='ocr_line' id='line_1_16' title="bbox 120 1714 1194 1781; baseline 0.006 -21"><span class='ocrx_word' id='word_1_144' title='bbox 120 1714 238 1776; x_wconf 77' lang='lat' dir='ltr'><strong>gautes3</strong></span> <span class='ocrx_word' id='word_1_145' title='bbox 257 1717 285 1762; x_wconf 91' lang='lat' dir='ltr'><strong>et</strong></span> <span class='ocrx_word' id='word_1_146' title='bbox 300 1727 344 1776; x_wconf 91' lang='lat' dir='ltr'><strong>ap.</strong></span> <span class='ocrx_word' id='word_1_147' title='bbox 362 1715 440 1765; x_wconf 82' lang='lat' dir='ltr'><strong>Fest.</strong></span> <span class='ocrx_word' id='word_1_148' title='bbox 458 1729 484 1776; x_wconf 87' lang='lat' dir='ltr'><strong>p.</strong></span> <span class='ocrx_word' id='word_1_149' title='bbox 503 1715 562 1763; x_wconf 80' lang='lat'>³25.</span> <span class='ocrx_word' id='word_1_150' title='bbox 580 1716 623 1763; x_wconf 92' lang='lat' dir='ltr'><strong>ed.</strong></span> <span class='ocrx_word' id='word_1_151' title='bbox 639 1717 734 1765; x_wconf 87' lang='lat' dir='ltr'><strong>Mueli.</strong></span> <span class='ocrx_word' id='word_1_152' title='bbox 752 1730 780 1764; x_wconf 85' lang='lat' dir='ltr'><strong>v.</strong></span> <span class='ocrx_word' id='word_1_153' title='bbox 798 1717 954 1781; x_wconf 83' lang='lat' dir='ltr'><strong>‚,Saperda‚</strong></span> <span class='ocrx_word' id='word_1_154' title='bbox 972 1729 1062 1778; x_wconf 83' lang='lat' dir='ltr'><strong>genus</strong></span> <span class='ocrx_word' id='word_1_155' title='bbox 1078 1715 1194 1780; x_wconf 84' lang='lat' dir='ltr'><strong>pessimi</strong></span> 
     </span>
     <span class='ocr_line' id='line_1_17' title="bbox 119 1794 1190 1864; baseline 0.005 -19"><span class='ocrx_word' id='word_1_156' title='bbox 119 1795 207 1857; x_wconf 86' lang='lat' dir='ltr'><strong>piscis</strong></span> <span class='ocrx_word' id='word_1_157' title='bbox 213 1812 223 1860; x_wconf 74' lang='lat'>3</span> <span class='ocrx_word' id='word_1_158' title='bbox 241 1798 396 1860; x_wconf 82' lang='lat' dir='ltr'><strong>sapientem</strong></span> <span class='ocrx_word' id='word_1_159' title='bbox 414 1799 497 1848; x_wconf 89' lang='lat' dir='ltr'><strong>etiam</strong></span> <span class='ocrx_word' id='word_1_160' title='bbox 516 1794 672 1864; x_wconf 82' lang='lat' dir='ltr'><strong>significat,</strong></span> <span class='ocrx_word' id='word_1_161' title='bbox 692 1813 754 1850; x_wconf 89' lang='lat' dir='ltr'><strong>cum</strong></span> <span class='ocrx_word' id='word_1_162' title='bbox 771 1799 811 1849; x_wconf 87' lang='lat' dir='ltr'><strong>ait</strong></span> <span class='ocrx_word' id='word_1_163' title='bbox 826 1802 934 1850; x_wconf 86' lang='lat' dir='ltr'><strong>Varro:</strong></span> <span class='ocrx_word' id='word_1_164' title='bbox 957 1799 1092 1850; x_wconf 76' lang='lat' dir='ltr'><strong>Videmus·</strong></span> <span class='ocrx_word' id='word_1_165' title='bbox 1107 1801 1190 1852; x_wconf 85' lang='lat' dir='ltr'><strong>nobis</strong></span> 
     </span>
     <span class='ocr_line' id='line_1_18' title="bbox 120 1879 1194 1947; baseline 0.007 -19"><span class='ocrx_word' id='word_1_166' title='bbox 120 1891 196 1945; x_wconf 80' lang='lat' dir='ltr'><strong>sap,</strong></span> <span class='ocrx_word' id='word_1_167' title='bbox 226 1891 288 1932; x_wconf 89' lang='lat' dir='ltr'><strong>cum</strong></span> <span class='ocrx_word' id='word_1_168' title='bbox 307 1882 393 1933; x_wconf 86' lang='lat' dir='ltr'><strong>simus</strong></span> <span class='ocrx_word' id='word_1_169' title='bbox 418 1879 549 1947; x_wconf 51' lang='grc' dir='ltr'><strong>σαπροίίί.</strong></span> <span class='ocrx_word' id='word_1_170' title='bbox 586 1883 628 1932; x_wconf 84' lang='lat' dir='ltr'><strong>Ad</strong></span> <span class='ocrx_word' id='word_1_171' title='bbox 648 1897 726 1945; x_wconf 89' lang='lat' dir='ltr'><strong>quem</strong></span> <span class='ocrx_word' id='word_1_172' title='bbox 744 1885 837 1934; x_wconf 76' lang='lat' dir='ltr'><strong>lectum</strong></span> <span class='ocrx_word' id='word_1_173' title='bbox 856 1883 995 1935; x_wconf 85' lang='lat' dir='ltr'><strong>Dacerius</strong></span> <span class='ocrx_word' id='word_1_174' title='bbox 1014 1886 1084 1935; x_wconf 87' lang='lat' dir='ltr'><strong>haec</strong></span> <span class='ocrx_word' id='word_1_175' title='bbox 1103 1887 1194 1937; x_wconf 85' lang='lat' dir='ltr'><strong>adno-</strong></span> 
     </span>
     <span class='ocr_line' id='line_1_19' title="bbox 120 1965 1195 2034; baseline 0.007 -21"><span class='ocrx_word' id='word_1_176' title='bbox 120 1965 173 2012; x_wconf 87' lang='lat' dir='ltr'><strong>tat:</strong></span> <span class='ocrx_word' id='word_1_177' title='bbox 209 1968 355 2029; x_wconf 79' lang='lat' dir='ltr'><strong>„Saperda</strong></span> <span class='ocrx_word' id='word_1_178' title='bbox 371 1970 461 2016; x_wconf 88' lang='lat' dir='ltr'><strong>tamen</strong></span> <span class='ocrx_word' id='word_1_179' title='bbox 482 1980 537 2016; x_wconf 93' lang='lat' dir='ltr'><strong>non</strong></span> <span class='ocrx_word' id='word_1_180' title='bbox 552 1981 604 2029; x_wconf 87' lang='lat' dir='ltr'><strong>pro</strong></span> <span class='ocrx_word' id='word_1_181' title='bbox 625 1967 767 2034; x_wconf 78' lang='lat' dir='ltr'><strong>sapiente.</strong></span> <span class='ocrx_word' id='word_1_182' title='bbox 792 1971 823 2019; x_wconf 90' lang='lat' dir='ltr'><strong>ut</strong></span> <span class='ocrx_word' id='word_1_183' title='bbox 838 1970 943 2020; x_wconf 81' lang='lat' dir='ltr'><strong>Festus</strong></span> <span class='ocrx_word' id='word_1_184' title='bbox 964 1969 1129 2032; x_wconf 83' lang='lat' dir='ltr'><strong>Noniusque</strong></span> <span class='ocrx_word' id='word_1_185' title='bbox 1148 1971 1195 2021; x_wconf 86' lang='lat' dir='ltr'><strong>in-</strong></span> 
     </span>
     <span class='ocr_line' id='line_1_20' title="bbox 121 2051 1193 2117; baseline 0.007 -21"><span class='ocrx_word' id='word_1_186' title='bbox 121 2051 322 2116; x_wconf 89' lang='lat' dir='ltr'><strong>terpretantur,</strong></span> <span class='ocrx_word' id='word_1_187' title='bbox 348 2052 397 2100; x_wconf 84' lang='lat' dir='ltr'><strong>sed</strong></span> <span class='ocrx_word' id='word_1_188' title='bbox 414 2064 466 2113; x_wconf 85' lang='lat' dir='ltr'><strong>prc</strong></span> <span class='ocrx_word' id='word_1_189' title='bbox 485 2051 578 2101; x_wconf 81' lang='lat' dir='ltr'><strong>faceto</strong></span> <span class='ocrx_word' id='word_1_190' title='bbox 598 2053 627 2101; x_wconf 88' lang='lat' dir='ltr'><strong>et</strong></span> <span class='ocrx_word' id='word_1_191' title='bbox 644 2054 738 2117; x_wconf 87' lang='lat' dir='ltr'><strong>salso,</strong></span> <span class='ocrx_word' id='word_1_192' title='bbox 762 2055 793 2103; x_wconf 89' lang='lat' dir='ltr'><strong>ut</strong></span> <span class='ocrx_word' id='word_1_193' title='bbox 811 2053 912 2116; x_wconf 74' lang='lat' dir='ltr'><strong>optIme</strong></span> <span class='ocrx_word' id='word_1_194' title='bbox 931 2053 1039 2113; x_wconf 82' lang='lat' dir='ltr'><strong>monuit</strong></span> <span class='ocrx_word' id='word_1_195' title='bbox 1056 2053 1193 2103; x_wconf 88' lang='lat' dir='ltr'><strong>doctissi-</strong></span> 
     </span>
     <span class='ocr_line' id='line_1_21' title="bbox 120 2134 1193 2201; baseline 0.005 -21"><span class='ocrx_word' id='word_1_196' title='bbox 120 2145 180 2182; x_wconf 89' lang='lat' dir='ltr'><strong>mus</strong></span> <span class='ocrx_word' id='word_1_197' title='bbox 204 2135 355 2184; x_wconf 86' lang='lat' dir='ltr'><strong>Meursius.</strong></span> <span class='ocrx_word' id='word_1_198' title='bbox 395 2135 493 2196; x_wconf 88' lang='lat' dir='ltr'><strong>ltaque</strong></span> <span class='ocrx_word' id='word_1_199' title='bbox 520 2149 622 2186; x_wconf 87' lang='lat' dir='ltr'><strong>sensus</strong></span> <span class='ocrx_word' id='word_1_200' title='bbox 648 2139 796 2186; x_wconf 87' lang='lat' dir='ltr'><strong>verborum</strong></span> <span class='ocrx_word' id='word_1_201' title='bbox 820 2134 899 2201; x_wconf 87' lang='lat' dir='ltr'><strong>ejus:</strong></span> <span class='ocrx_word' id='word_1_202' title='bbox 936 2136 1038 2186; x_wconf 85' lang='lat' dir='ltr'><strong>Omnes</strong></span> <span class='ocrx_word' id='word_1_203' title='bbox 1066 2136 1193 2185; x_wconf 80' lang='lat' dir='ltr'><strong>videmur</strong></span> 
     </span>
     <span class='ocr_line' id='line_1_22' title="bbox 120 2215 1192 2282; baseline 0.003 -18"><span class='ocrx_word' id='word_1_204' title='bbox 120 2216 198 2267; x_wconf 84' lang='lat' dir='ltr'><strong>nobis</strong></span> <span class='ocrx_word' id='word_1_205' title='bbox 216 2231 281 2268; x_wconf 87' lang='lat' dir='ltr'><strong>esse</strong></span> <span class='ocrx_word' id='word_1_206' title='bbox 300 2217 380 2282; x_wconf 83' lang='lat' dir='ltr'><strong>beili,</strong></span> <span class='ocrx_word' id='word_1_207' title='bbox 399 2219 511 2282; x_wconf 86' lang='lat' dir='ltr'><strong>festivi,</strong></span> <span class='ocrx_word' id='word_1_208' title='bbox 530 2220 616 2281; x_wconf 87' lang='lat' dir='ltr'><strong>salsi,</strong></span> <span class='ocrx_word' id='word_1_209' title='bbox 633 2233 694 2269; x_wconf 90' lang='lat' dir='ltr'><strong>cum</strong></span> <span class='ocrx_word' id='word_1_210' title='bbox 711 2224 803 2268; x_wconf 88' lang='lat' dir='ltr'><strong>tamen</strong></span> <span class='ocrx_word' id='word_1_211' title='bbox 822 2219 909 2268; x_wconf 85' lang='lat' dir='ltr'><strong>simus</strong></span> <span class='ocrx_word' id='word_1_212' title='bbox 928 2215 1034 2281; x_wconf 83' lang='grc' dir='ltr'><em>σαπροί</em></span> <span class='ocrx_word' id='word_1_213' title='bbox 1053 2217 1192 2280; x_wconf 83' lang='lat' dir='ltr'><strong>(captavit</strong></span> 
     </span>
     <span class='ocr_line' id='line_1_23' title="bbox 121 2287 1194 2365; baseline 0.003 -18"><span class='ocrx_word' id='word_1_214' title='bbox 121 2301 267 2350; x_wconf 79' lang='lat' dir='ltr'><strong>manifesto</strong></span> <span class='ocrx_word' id='word_1_215' title='bbox 288 2287 517 2359; x_wconf 77' lang='lat' dir='ltr'><strong>aliit&#39;erationem]</strong></span> <span class='ocrx_word' id='word_1_216' title='bbox 539 2302 564 2350; x_wconf 89' lang='lat' dir='ltr'><strong>id</strong></span> <span class='ocrx_word' id='word_1_217' title='bbox 584 2305 629 2350; x_wconf 90' lang='lat' dir='ltr'><strong>est</strong></span> <span class='ocrx_word' id='word_1_218' title='bbox 646 2301 765 2365; x_wconf 89' lang='lat' dir='ltr'><strong>insulsi,</strong></span> <span class='ocrx_word' id='word_1_219' title='bbox 796 2301 897 2350; x_wconf 90' lang='lat' dir='ltr'><strong>necin</strong></span> <span class='ocrx_word' id='word_1_220' title='bbox 921 2302 982 2349; x_wconf 87' lang='lat' dir='ltr'><strong>tcto</strong></span> <span class='ocrx_word' id='word_1_221' title='bbox 1003 2311 1125 2361; x_wconf 86' lang='lat' dir='ltr'><strong>corpere</strong></span> <span class='ocrx_word' id='word_1_222' title='bbox 1143 2301 1194 2350; x_wconf 89' lang='lat' dir='ltr'><strong>ha-</strong></span> 
     </span>
     <span class='ocr_line' id='line_1_24' title="bbox 121 2382 1194 2449; baseline 0.006 -16"><span class='ocrx_word' id='word_1_223' title='bbox 121 2386 233 2434; x_wconf 87' lang='lat' dir='ltr'><strong>beamus</strong></span> <span class='ocrx_word' id='word_1_224' title='bbox 253 2384 299 2433; x_wconf 91' lang='lat' dir='ltr'><strong>vel</strong></span> <span class='ocrx_word' id='word_1_225' title='bbox 321 2382 419 2432; x_wconf 86' lang='lat' dir='ltr'><strong>micam</strong></span> <span class='ocrx_word' id='word_1_226' title='bbox 438 2384 517 2433; x_wconf 87' lang='lat' dir='ltr'><strong>salis.</strong></span> <span class='ocrx_word' id='word_1_227' title='bbox 552 2386 622 2435; x_wconf 84' lang='lat' dir='ltr'><strong>Nam</strong></span> <span class='ocrx_word' id='word_1_228' title='bbox 640 2398 724 2447; x_wconf 80' lang='lat' dir='ltr'><strong>supra</strong></span> <span class='ocrx_word' id='word_1_229' title='bbox 743 2388 818 2449; x_wconf 85' lang='lat' dir='ltr'><strong>sunt,</strong></span> <span class='ocrx_word' id='word_1_230' title='bbox 837 2397 908 2445; x_wconf 83' lang='lat' dir='ltr'><strong>quae</strong></span> <span class='ocrx_word' id='word_1_231' title='bbox 927 2384 996 2433; x_wconf 87' lang='lat' dir='ltr'><strong>salis</strong></span> <span class='ocrx_word' id='word_1_232' title='bbox 1016 2384 1127 2438; x_wconf 82' lang='lat' dir='ltr'><strong>deiectu</strong></span> <span class='ocrx_word' id='word_1_233' title='bbox 1141 2400 1194 2449; x_wconf 90' lang='lat' dir='ltr'><strong>pu·</strong></span> 
     </span>
     <span class='ocr_line' id='line_1_25' title="bbox 123 2462 1194 2535; baseline 0.005 -19"><span class='ocrx_word' id='word_1_234' title='bbox 123 2467 281 2519; x_wconf 79' lang='lat' dir='ltr'><strong>truerunt“.</strong></span> <span class='ocrx_word' id='word_1_235' title='bbox 318 2468 429 2529; x_wconf 81' lang='lat' dir='ltr'><strong>(Gloss.</strong></span> <span class='ocrx_word' id='word_1_236' title='bbox 451 2469 499 2517; x_wconf 80' lang='lat' dir='ltr'><strong>Gr.</strong></span> <span class='ocrx_word' id='word_1_237' title='bbox 517 2468 596 2517; x_wconf 75' lang='lat' dir='ltr'><strong>Lat:</strong></span> <span class='ocrx_word' id='word_1_238' title='bbox 633 2462 786 2533; x_wconf 81' lang='grc' dir='ltr'><strong>,,Σαπρὸς,</strong></span> <span class='ocrx_word' id='word_1_239' title='bbox 803 2482 913 2532; x_wconf 86' lang='lat' dir='ltr'><strong>nugax,</strong></span> <span class='ocrx_word' id='word_1_240' title='bbox 928 2469 1110 2535; x_wconf 84' lang='lat' dir='ltr'><strong>nugatorius,</strong></span> <span class='ocrx_word' id='word_1_241' title='bbox 1131 2472 1194 2521; x_wconf 83' lang='lat' dir='ltr'><strong>tce-</strong></span> 
     </span>
     <span class='ocr_line' id='line_1_26' title="bbox 121 2534 1194 2617; baseline 0.006 -17"><span class='ocrx_word' id='word_1_242' title='bbox 121 2551 217 2610; x_wconf 85' lang='lat' dir='ltr'><strong>dus“.)</strong></span> <span class='ocrx_word' id='word_1_243' title='bbox 239 2579 274 2589; x_wconf 96' lang='lat'>-</span> <span class='ocrx_word' id='word_1_244' title='bbox 295 2552 428 2615; x_wconf 85' lang='lat' dir='ltr'><strong>Suspicio</strong></span> <span class='ocrx_word' id='word_1_245' title='bbox 449 2551 513 2601; x_wconf 86' lang='lat' dir='ltr'><strong>mihi</strong></span> <span class='ocrx_word' id='word_1_246' title='bbox 536 2534 595 2617; x_wconf 76' lang='lat' dir='ltr'><strong>est,</strong></span> <span class='ocrx_word' id='word_1_247' title='bbox 625 2564 740 2601; x_wconf 87' lang='lat' dir='ltr'><strong>errasse</strong></span> <span class='ocrx_word' id='word_1_248' title='bbox 756 2551 888 2615; x_wconf 86' lang='lat' dir='ltr'><strong>Nonium,</strong></span> <span class='ocrx_word' id='word_1_249' title='bbox 919 2555 962 2617; x_wconf 87' lang='lat' dir='ltr'><strong>et,</strong></span> <span class='ocrx_word' id='word_1_250' title='bbox 993 2554 1039 2616; x_wconf 89' lang='lat' dir='ltr'><strong>qui</strong></span> <span class='ocrx_word' id='word_1_251' title='bbox 1061 2567 1122 2604; x_wconf 88' lang='lat' dir='ltr'><strong>eum</strong></span> <span class='ocrx_word' id='word_1_252' title='bbox 1142 2570 1194 2606; x_wconf 87' lang='lat' dir='ltr'><strong>ex-</strong></span> 
     </span>
     <span class='ocr_line' id='line_1_27' title="bbox 122 2636 1194 2703; baseline 0.006 -18"><span class='ocrx_word' id='word_1_253' title='bbox 122 2636 246 2699; x_wconf 87' lang='lat' dir='ltr'><strong>scripsit,</strong></span> <span class='ocrx_word' id='word_1_254' title='bbox 260 2636 389 2703; x_wconf 74' lang='lat' dir='ltr'><strong>Festum,</strong></span> <span class='ocrx_word' id='word_1_255' title='bbox 406 2650 486 2699; x_wconf 77' lang='lat' dir='ltr'><strong>qutun</strong></span> <span class='ocrx_word' id='word_1_256' title='bbox 504 2636 756 2697; x_wconf 88' lang='lat' dir='ltr'><strong>interpretarentur</strong></span> <span class='ocrx_word' id='word_1_257' title='bbox 771 2648 835 2686; x_wconf 80' lang='lat' dir='ltr'><strong>vac.</strong></span> <span class='ocrx_word' id='word_1_258' title='bbox 851 2637 997 2697; x_wconf 86' lang='lat' dir='ltr'><strong>saperdam</strong></span> <span class='ocrx_word' id='word_1_259' title='bbox 1012 2650 1065 2699; x_wconf 90' lang='lat' dir='ltr'><strong>per</strong></span> <span class='ocrx_word' id='word_1_260' title='bbox 1079 2640 1194 2701; x_wconf 86' lang='lat' dir='ltr'><strong>sapien·</strong></span> 
     </span>
     <span class='ocr_line' id='line_1_28' title="bbox 121 2720 1192 2787; baseline 0.006 -19"><span class='ocrx_word' id='word_1_261' title='bbox 121 2724 183 2769; x_wconf 90' lang='lat' dir='ltr'><strong>tem.</strong></span> <span class='ocrx_word' id='word_1_262' title='bbox 220 2720 328 2770; x_wconf 85' lang='lat' dir='ltr'><strong>Etenim</strong></span> <span class='ocrx_word' id='word_1_263' title='bbox 347 2720 371 2769; x_wconf 92' lang='lat' dir='ltr'><strong>si</strong></span> <span class='ocrx_word' id='word_1_264' title='bbox 390 2723 586 2769; x_wconf 87' lang='lat' dir='ltr'><strong>construamus</strong></span> <span class='ocrx_word' id='word_1_265' title='bbox 610 2722 768 2785; x_wconf 86' lang='lat' dir='ltr'><strong>„saperdae</strong></span> <span class='ocrx_word' id='word_1_266' title='bbox 787 2734 848 2769; x_wconf 91' lang='lat' dir='ltr'><strong>cum</strong></span> <span class='ocrx_word' id='word_1_267' title='bbox 868 2720 955 2769; x_wconf 87' lang='lat' dir='ltr'><strong>simus</strong></span> <span class='ocrx_word' id='word_1_268' title='bbox 973 2720 1112 2787; x_wconf 78' lang='lat' dir='ltr'><strong>ccapci“‚</strong></span> <span class='ocrx_word' id='word_1_269' title='bbox 1137 2725 1192 2774; x_wconf 85' lang='lat' dir='ltr'><strong>hoc</strong></span> 
     </span>
     <span class='ocr_line' id='line_1_29' title="bbox 120 2800 1192 2871; baseline 0.004 -18"><span class='ocrx_word' id='word_1_270' title='bbox 120 2804 276 2866; x_wconf 83' lang='lat' dir='ltr'><strong>simplicius</strong></span> <span class='ocrx_word' id='word_1_271' title='bbox 296 2800 467 2867; x_wconf 82' lang='lat' dir='ltr'><strong>significabit</strong></span> <span class='ocrx_word' id='word_1_272' title='bbox 484 2816 567 2871; x_wconf 75' lang='lat' dir='ltr'><strong>„cum</strong></span> <span class='ocrx_word' id='word_1_273' title='bbox 588 2804 674 2854; x_wconf 85' lang='lat' dir='ltr'><strong>stmus</strong></span> <span class='ocrx_word' id='word_1_274' title='bbox 689 2818 724 2854; x_wconf 93' lang='lat' dir='ltr'><strong>ne</strong></span> <span class='ocrx_word' id='word_1_275' title='bbox 743 2804 845 2854; x_wconf 90' lang='lat' dir='ltr'><strong>minimi</strong></span> <span class='ocrx_word' id='word_1_276' title='bbox 865 2804 971 2868; x_wconf 88' lang='lat' dir='ltr'><strong>quidem</strong></span> <span class='ocrx_word' id='word_1_277' title='bbox 990 2806 1103 2868; x_wconf 89' lang='lat' dir='ltr'><strong>pretii“.</strong></span> <span class='ocrx_word' id='word_1_278' title='bbox 1139 2811 1192 2858; x_wconf 84' lang='lat' dir='ltr'><strong>sa-</strong></span> 
     </span>
     <span class='ocr_line' id='line_1_30' title="bbox 119 2886 1190 2955; baseline 0.006 -18"><span class='ocrx_word' id='word_1_279' title='bbox 119 2889 207 2949; x_wconf 89' lang='lat' dir='ltr'><strong>perda</strong></span> <span class='ocrx_word' id='word_1_280' title='bbox 224 2886 296 2936; x_wconf 90' lang='lat' dir='ltr'><strong>enim</strong></span> <span class='ocrx_word' id='word_1_281' title='bbox 313 2887 401 2950; x_wconf 86' lang='lat' dir='ltr'><strong>piscis</strong></span> <span class='ocrx_word' id='word_1_282' title='bbox 423 2902 505 2951; x_wconf 74' lang='lat' dir='ltr'><strong>quirun</strong></span> <span class='ocrx_word' id='word_1_283' title='bbox 524 2889 569 2937; x_wconf 88' lang='lat' dir='ltr'><strong>vel</strong></span> <span class='ocrx_word' id='word_1_284' title='bbox 586 2902 688 2938; x_wconf 89' lang='lat' dir='ltr'><strong>recens</strong></span> <span class='ocrx_word' id='word_1_285' title='bbox 707 2894 806 2951; x_wconf 89' lang='lat' dir='ltr'><strong>captus</strong></span> <span class='ocrx_word' id='word_1_286' title='bbox 827 2888 980 2940; x_wconf 87' lang='lat' dir='ltr'><strong>vilissimus</strong></span> <span class='ocrx_word' id='word_1_287' title='bbox 1004 2891 1057 2955; x_wconf 88' lang='lat' dir='ltr'><strong>sit,</strong></span> <span class='ocrx_word' id='word_1_288' title='bbox 1086 2896 1190 2953; x_wconf 86' lang='lat' dir='ltr'><strong>quante</strong></span> 
     </span>
     <span class='ocr_line' id='line_1_31' title="bbox 120 2970 649 3035; baseline 0.008 -16"><span class='ocrx_word' id='word_1_289' title='bbox 120 2970 220 3035; x_wconf 76' lang='lat' dir='ltr'><strong>magiS,</strong></span> <span class='ocrx_word' id='word_1_290' title='bbox 238 2974 384 3035; x_wconf 84' lang='lat' dir='ltr'><strong>postquam</strong></span> <span class='ocrx_word' id='word_1_291' title='bbox 401 2973 574 3035; x_wconf 86' lang='lat' dir='ltr'><strong>putrefactus</strong></span> <span class='ocrx_word' id='word_1_292' title='bbox 595 2977 649 3023; x_wconf 89' lang='lat' dir='ltr'><strong>est.</strong></span> 
     </span>
    </p>
   </div>
   <div class='ocr_carea' id='block_1_5' title="bbox 120 3088 1191 3724">
    <p class='ocr_par' dir='ltr' id='par_1_5' title="bbox 120 3088 1191 3724">
     <span class='ocr_line' id='line_1_32' title="bbox 188 3088 1190 3157; baseline 0.005 -21"><span class='ocrx_word' id='word_1_293' title='bbox 188 3088 212 3137; x_wconf 82' lang='lat'><strong>3.</strong></span> <span class='ocrx_word' id='word_1_294' title='bbox 249 3093 298 3151; x_wconf 80' lang='lat' dir='ltr'><strong>Ap.</strong></span> <span class='ocrx_word' id='word_1_295' title='bbox 317 3092 387 3139; x_wconf 89' lang='lat' dir='ltr'><strong>Non.</strong></span> <span class='ocrx_word' id='word_1_296' title='bbox 406 3104 433 3153; x_wconf 94' lang='lat' dir='ltr'><strong>p.</strong></span> <span class='ocrx_word' id='word_1_297' title='bbox 455 3090 518 3157; x_wconf 82' lang='grc'><strong>180,</strong></span> <span class='ocrx_word' id='word_1_298' title='bbox 539 3092 565 3140; x_wconf 79' lang='lat' dir='ltr'><strong>i.</strong></span> <span class='ocrx_word' id='word_1_299' title='bbox 583 3100 608 3139; x_wconf 84' lang='grc' dir='ltr'><strong>ι.</strong></span> <span class='ocrx_word' id='word_1_300' title='bbox 628 3090 716 3140; x_wconf 77' lang='lat' dir='ltr'><strong>Taxis</strong></span> <span class='ocrx_word' id='word_1_301' title='bbox 735 3104 786 3153; x_wconf 88' lang='lat' dir='ltr'><strong>pro</strong></span> <span class='ocrx_word' id='word_1_302' title='bbox 805 3091 950 3155; x_wconf 57' lang='lat' dir='ltr'><strong>tetigerim</strong></span> <span class='ocrx_word' id='word_1_303' title='bbox 970 3094 999 3142; x_wconf 88' lang='lat' dir='ltr'><strong>et</strong></span> <span class='ocrx_word' id='word_1_304' title='bbox 1017 3106 1044 3154; x_wconf 90' lang='lat' dir='ltr'><strong>p.</strong></span> <span class='ocrx_word' id='word_1_305' title='bbox 1061 3093 1126 3155; x_wconf 83' lang='grc'><strong>176,</strong></span> <span class='ocrx_word' id='word_1_306' title='bbox 1147 3091 1190 3141; x_wconf 81' lang='grc'><strong>16.</strong></span> 
     </span>
     <span class='ocr_line' id='line_1_33' title="bbox 122 3173 1190 3239; baseline 0.003 -20"><span class='ocrx_word' id='word_1_307' title='bbox 122 3186 148 3221; x_wconf 86' lang='lat' dir='ltr'><strong>v.</strong></span> <span class='ocrx_word' id='word_1_308' title='bbox 165 3173 325 3223; x_wconf 81' lang='lat' dir='ltr'><strong>Scenatilis.</strong></span> <span class='ocrx_word' id='word_1_309' title='bbox 360 3177 481 3239; x_wconf 71' lang='lat' dir='ltr'><strong>pepaipct</strong></span> <span class='ocrx_word' id='word_1_310' title='bbox 498 3176 648 3225; x_wconf 71' lang='lat' dir='ltr'><strong>istomodo</strong></span> <span class='ocrx_word' id='word_1_311' title='bbox 669 3188 710 3224; x_wconf 86' lang='lat' dir='ltr'><strong>sc.</strong></span> <span class='ocrx_word' id='word_1_312' title='bbox 729 3176 806 3236; x_wconf 68' lang='lat' dir='ltr'><strong>Jun„</strong></span> <span class='ocrx_word' id='word_1_313' title='bbox 824 3178 913 3225; x_wconf 84' lang='lat' dir='ltr'><strong>Mete.</strong></span> <span class='ocrx_word' id='word_1_314' title='bbox 932 3200 967 3211; x_wconf 90' lang='lat'><em>-</em></span> <span class='ocrx_word' id='word_1_315' title='bbox 982 3177 1102 3239; x_wconf 77' lang='lat' dir='ltr'><strong>pepipct</strong></span> <span class='ocrx_word' id='word_1_316' title='bbox 1118 3175 1190 3225; x_wconf 78' lang='lat' dir='ltr'><strong>dccc</strong></span> 
     </span>
     <span class='ocr_line' id='line_1_34' title="bbox 122 3255 1190 3320; baseline -0.001 -15"><span class='ocrx_word' id='word_1_317' title='bbox 122 3258 209 3307; x_wconf 79' lang='lat' dir='ltr'><strong>naedc</strong></span> <span class='ocrx_word' id='word_1_318' title='bbox 225 3258 268 3306; x_wconf 93' lang='lat' dir='ltr'><strong>ed.</strong></span> <span class='ocrx_word' id='word_1_319' title='bbox 287 3258 395 3307; x_wconf 89' lang='lat' dir='ltr'><strong>noviss.</strong></span> <span class='ocrx_word' id='word_1_320' title='bbox 414 3269 450 3306; x_wconf 88' lang='lat' dir='ltr'><strong>ex</strong></span> <span class='ocrx_word' id='word_1_321' title='bbox 468 3257 528 3307; x_wconf 82' lang='lat' dir='ltr'><strong>suis</strong></span> <span class='ocrx_word' id='word_1_322' title='bbox 543 3257 631 3307; x_wconf 85' lang='lat' dir='ltr'><strong>Godd.</strong></span> <span class='ocrx_word' id='word_1_323' title='bbox 665 3255 776 3320; x_wconf 80' lang='lat' dir='ltr'><strong>pipcbit</strong></span> <span class='ocrx_word' id='word_1_324' title='bbox 788 3256 837 3305; x_wconf 79' lang='lat' dir='ltr'><strong>istc</strong></span> <span class='ocrx_word' id='word_1_325' title='bbox 849 3258 930 3308; x_wconf 79' lang='lat' dir='ltr'><strong>medi</strong></span> <span class='ocrx_word' id='word_1_326' title='bbox 942 3258 1029 3306; x_wconf 74' lang='lat' dir='ltr'><strong>Turn.</strong></span> <span class='ocrx_word' id='word_1_327' title='bbox 1042 3257 1113 3305; x_wconf 84' lang='lat' dir='ltr'><strong>Adv.</strong></span> <span class='ocrx_word' id='word_1_328' title='bbox 1127 3255 1190 3318; x_wconf 79' lang='lat' dir='ltr'><strong>xli,</strong></span> 
     </span>
     <span class='ocr_line' id='line_1_35' title="bbox 122 3336 1191 3403; baseline 0.002 -16"><span class='ocrx_word' id='word_1_329' title='bbox 122 3340 162 3389; x_wconf 83' lang='grc'><strong>16.</strong></span> <span class='ocrx_word' id='word_1_330' title='bbox 198 3341 311 3403; x_wconf 67' lang='lat' dir='ltr'><strong>pepigit</strong></span> <span class='ocrx_word' id='word_1_331' title='bbox 327 3340 395 3388; x_wconf 73' lang='grc' dir='ltr'>Ιιιιίο</span> <span class='ocrx_word' id='word_1_332' title='bbox 412 3336 541 3401; x_wconf 76' lang='lat' dir='ltr'><strong>nscdtej.</strong></span> <span class='ocrx_word' id='word_1_333' title='bbox 558 3338 664 3399; x_wconf 78' lang='lat' dir='ltr'><strong>scalig.</strong></span> <span class='ocrx_word' id='word_1_334' title='bbox 698 3340 819 3401; x_wconf 72' lang='lat' dir='ltr'><strong>pepipct</strong></span> <span class='ocrx_word' id='word_1_335' title='bbox 834 3338 883 3387; x_wconf 75' lang='lat' dir='ltr'><strong>istc</strong></span> <span class='ocrx_word' id='word_1_336' title='bbox 900 3339 978 3387; x_wconf 78' lang='lat' dir='ltr'><strong>modi</strong></span> <span class='ocrx_word' id='word_1_337' title='bbox 993 3338 1105 3399; x_wconf 86' lang='lat' dir='ltr'><strong>Popma.</strong></span> <span class='ocrx_word' id='word_1_338' title='bbox 1141 3340 1191 3389; x_wconf 82' lang='lat' dir='ltr'><strong>de-</strong></span> 
     </span>
     <span class='ocr_line' id='line_1_36' title="bbox 120 3416 1189 3489; baseline -0.003 -15"><span class='ocrx_word' id='word_1_339' title='bbox 120 3420 194 3489; x_wconf 71' lang='lat' dir='ltr'><strong>tipct</strong></span> <span class='ocrx_word' id='word_1_340' title='bbox 211 3422 259 3471; x_wconf 82' lang='lat' dir='ltr'><strong>dic</strong></span> <span class='ocrx_word' id='word_1_341' title='bbox 277 3423 379 3471; x_wconf 66' lang='lat' dir='ltr'><strong>modies</strong></span> <span class='ocrx_word' id='word_1_342' title='bbox 396 3434 437 3471; x_wconf 83' lang='lat' dir='ltr'><strong>sc.</strong></span> <span class='ocrx_word' id='word_1_343' title='bbox 459 3432 494 3468; x_wconf 85' lang='lat' dir='ltr'><strong>ex</strong></span> <span class='ocrx_word' id='word_1_344' title='bbox 512 3422 614 3469; x_wconf 83' lang='lat' dir='ltr'><strong>nostra</strong></span> <span class='ocrx_word' id='word_1_345' title='bbox 630 3416 706 3483; x_wconf 85' lang='lat' dir='ltr'><strong>conj.</strong></span> <span class='ocrx_word' id='word_1_346' title='bbox 729 3419 864 3470; x_wconf 87' lang='lat' dir='ltr'><strong>dedimus.</strong></span> <span class='ocrx_word' id='word_1_347' title='bbox 899 3421 980 3471; x_wconf 86' lang='lat' dir='ltr'><strong>Pers.</strong></span> <span class='ocrx_word' id='word_1_348' title='bbox 998 3424 1057 3471; x_wconf 78' lang='lat' dir='ltr'><strong>Sat</strong></span> <span class='ocrx_word' id='word_1_349' title='bbox 1076 3422 1111 3487; x_wconf 88' lang='lat' dir='ltr'><strong>V,</strong></span> <span class='ocrx_word' id='word_1_350' title='bbox 1132 3423 1189 3472; x_wconf 73' lang='lat' dir='ltr'><strong>la:</strong></span> 
     </span>
     <span class='ocr_line' id='line_1_37' title="bbox 123 3489 1189 3571; baseline 0 -14"><span class='ocrx_word' id='word_1_351' title='bbox 123 3507 286 3571; x_wconf 87' lang='lat' dir='ltr'><strong>„Pallentes</strong></span> <span class='ocrx_word' id='word_1_352' title='bbox 313 3489 414 3555; x_wconf 84' lang='lat' dir='ltr'><strong>radere</strong></span> <span class='ocrx_word' id='word_1_353' title='bbox 440 3515 533 3553; x_wconf 82' lang='lat' dir='ltr'><strong>meres</strong></span> <span class='ocrx_word' id='word_1_354' title='bbox 559 3506 667 3553; x_wconf 84' lang='lat' dir='ltr'><strong>Doctus</strong></span> <span class='ocrx_word' id='word_1_355' title='bbox 700 3508 729 3553; x_wconf 88' lang='lat' dir='ltr'><strong>et</strong></span> <span class='ocrx_word' id='word_1_356' title='bbox 755 3503 869 3567; x_wconf 82' lang='lat' dir='ltr'><strong>ingenio</strong></span> <span class='ocrx_word' id='word_1_357' title='bbox 894 3505 1002 3565; x_wconf 88' lang='lat' dir='ltr'><strong>culpam</strong></span> <span class='ocrx_word' id='word_1_358' title='bbox 1026 3506 1189 3569; x_wconf 82' lang='lat' dir='ltr'><strong>defigere</strong></span> 
     </span>
     <span class='ocr_line' id='line_1_38' title="bbox 123 3588 1190 3641; baseline 0.003 -3"><span class='ocrx_word' id='word_1_359' title='bbox 123 3588 217 3641; x_wconf 82' lang='lat' dir='ltr'><strong>iud0“.</strong></span> <span class='ocrx_word' id='word_1_360' title='bbox 249 3616 277 3625; x_wconf 93' lang='lat'><em>-</em></span> <span class='ocrx_word' id='word_1_361' title='bbox 312 3588 463 3639; x_wconf 84' lang='lat' dir='ltr'><strong>Scenatiiis</strong></span> <span class='ocrx_word' id='word_1_362' title='bbox 493 3589 590 3639; x_wconf 85' lang='lat' dir='ltr'><strong>modus</strong></span> <span class='ocrx_word' id='word_1_363' title='bbox 619 3589 663 3641; x_wconf 84' lang='lat' dir='ltr'><strong>hic</strong></span> <span class='ocrx_word' id='word_1_364' title='bbox 693 3594 738 3637; x_wconf 86' lang='lat' dir='ltr'><strong>est</strong></span> <span class='ocrx_word' id='word_1_365' title='bbox 772 3588 918 3639; x_wconf 85' lang='lat' dir='ltr'><strong>scenatilis</strong></span> <span class='ocrx_word' id='word_1_366' title='bbox 952 3595 980 3639; x_wconf 88' lang='lat' dir='ltr'><strong>et</strong></span> <span class='ocrx_word' id='word_1_367' title='bbox 1008 3590 1125 3641; x_wconf 86' lang='lat' dir='ltr'><strong>satirica</strong></span> <span class='ocrx_word' id='word_1_368' title='bbox 1153 3590 1190 3641; x_wconf 85' lang='lat' dir='ltr'><strong>ii·</strong></span> 
     </span>
     <span class='ocr_line' id='line_1_39' title="bbox 124 3674 223 3724; baseline 0 -1"><span class='ocrx_word' id='word_1_369' title='bbox 124 3674 223 3724; x_wconf 90' lang='lat' dir='ltr'><strong>centia.</strong></span> 
     </span>
    </p>
   </div>
   <div class='ocr_carea' id='block_1_6' title="bbox 69 3772 1191 4173">
    <p class='ocr_par' dir='ltr' id='par_1_6' title="bbox 69 3772 1191 4173">
     <span class='ocr_line' id='line_1_40' title="bbox 189 3772 1189 3839; baseline 0 -17"><span class='ocrx_word' id='word_1_370' title='bbox 189 3774 214 3823; x_wconf 76' lang='lat' dir='ltr'><strong>d.</strong></span> <span class='ocrx_word' id='word_1_371' title='bbox 249 3773 503 3838; x_wconf 63' lang='lat' dir='ltr'><strong>adplicauit,</strong></span> <span class='ocrx_word' id='word_1_372' title='bbox 537 3772 579 3822; x_wconf 79' lang='lat' dir='ltr'><strong>id.</strong></span> <span class='ocrx_word' id='word_1_373' title='bbox 602 3786 629 3821; x_wconf 85' lang='lat' dir='ltr'><strong>v.</strong></span> <span class='ocrx_word' id='word_1_374' title='bbox 654 3772 774 3822; x_wconf 87' lang='lat' dir='ltr'><strong>Deietile</strong></span> <span class='ocrx_word' id='word_1_375' title='bbox 796 3785 853 3823; x_wconf 85' lang='lat' dir='ltr'><strong>nen</strong></span> <span class='ocrx_word' id='word_1_376' title='bbox 873 3773 946 3834; x_wconf 83' lang='lat' dir='ltr'><strong>qrrcd</strong></span> <span class='ocrx_word' id='word_1_377' title='bbox 964 3774 1106 3839; x_wconf 83' lang='lat' dir='ltr'><strong>deleatur,</strong></span> <span class='ocrx_word' id='word_1_378' title='bbox 1139 3776 1189 3823; x_wconf 91' lang='lat' dir='ltr'><strong>sed</strong></span> 
     </span>
     <span class='ocr_line' id='line_1_41' title="bbox 125 3854 1190 3921; baseline 0 -14"><span class='ocrx_word' id='word_1_379' title='bbox 125 3858 195 3919; x_wconf 84' lang='lat' dir='ltr'><strong>quod</strong></span> <span class='ocrx_word' id='word_1_380' title='bbox 212 3856 315 3907; x_wconf 81' lang='lat' dir='ltr'><strong>deleat</strong></span> <span class='ocrx_word' id='word_1_381' title='bbox 328 3882 363 3893; x_wconf 89' lang='lat'><em>-</em></span> <span class='ocrx_word' id='word_1_382' title='bbox 378 3855 482 3909; x_wconf 83' lang='lat' dir='ltr'><strong>Partis</strong></span> <span class='ocrx_word' id='word_1_383' title='bbox 497 3860 635 3921; x_wconf 81' lang='lat' dir='ltr'><strong>qnantum</strong></span> <span class='ocrx_word' id='word_1_384' title='bbox 649 3854 738 3906; x_wconf 79' lang='lat' dir='ltr'><strong>chd.</strong></span> <span class='ocrx_word' id='word_1_385' title='bbox 750 3858 893 3906; x_wconf 86' lang='lat' dir='ltr'><strong>mendose.</strong></span> <span class='ocrx_word' id='word_1_386' title='bbox 929 3855 1058 3908; x_wconf 74' lang='lat' dir='ltr'><strong>Pacatis</strong></span> <span class='ocrx_word' id='word_1_387' title='bbox 1077 3859 1190 3909; x_wconf 80' lang='lat' dir='ltr'><strong>tantam</strong></span> 
     </span>
     <span class='ocr_line' id='line_1_42' title="bbox 126 3929 1188 4004; baseline -0.001 -15"><span class='ocrx_word' id='word_1_388' title='bbox 126 3938 159 4003; x_wconf 85' lang='lat' dir='ltr'><strong>ej.</strong></span> <span class='ocrx_word' id='word_1_389' title='bbox 184 3942 249 3991; x_wconf 84' lang='lat' dir='ltr'><strong>Jun.</strong></span> <span class='ocrx_word' id='word_1_390' title='bbox 299 3940 413 3991; x_wconf 81' lang='lat' dir='ltr'><strong>Parata</strong></span> <span class='ocrx_word' id='word_1_391' title='bbox 435 3943 547 3993; x_wconf 67' lang='lat' dir='ltr'><strong>tanatum</strong></span> <span class='ocrx_word' id='word_1_392' title='bbox 576 3938 613 4004; x_wconf 86' lang='lat' dir='ltr'><strong>ej.</strong></span> <span class='ocrx_word' id='word_1_393' title='bbox 642 3942 717 3998; x_wconf 79' lang='lat' dir='ltr'><strong>scal.</strong></span> <span class='ocrx_word' id='word_1_394' title='bbox 751 3929 896 3991; x_wconf 57' lang='lat' dir='ltr'><strong>vdictatam</strong></span> <span class='ocrx_word' id='word_1_395' title='bbox 916 3942 1026 4003; x_wconf 77' lang='lat' dir='ltr'><strong>parato</strong></span> <span class='ocrx_word' id='word_1_396' title='bbox 1048 3942 1188 3993; x_wconf 69' lang='lat' dir='ltr'><strong>Laurens.</strong></span> 
     </span>
     <span class='ocr_line' id='line_1_43' title="bbox 69 4022 1188 4090; baseline -0.002 -17"><span class='ocrx_word' id='word_1_397' title='bbox 69 4030 78 4045; x_wconf 84' lang='grc'><strong>“</strong></span> <span class='ocrx_word' id='word_1_398' title='bbox 124 4023 251 4076; x_wconf 83' lang='lat' dir='ltr'><strong>Pcracts</strong></span> <span class='ocrx_word' id='word_1_399' title='bbox 270 4027 407 4090; x_wconf 82' lang='lat' dir='ltr'><strong>quantam</strong></span> <span class='ocrx_word' id='word_1_400' title='bbox 432 4022 469 4089; x_wconf 91' lang='lat' dir='ltr'><strong>cj.</strong></span> <span class='ocrx_word' id='word_1_401' title='bbox 494 4025 607 4087; x_wconf 86' lang='lat' dir='ltr'><strong>Pcpma.</strong></span> <span class='ocrx_word' id='word_1_402' title='bbox 645 4024 774 4075; x_wconf 76' lang='lat' dir='ltr'><strong>Peratis</strong></span> <span class='ocrx_word' id='word_1_403' title='bbox 796 4024 933 4088; x_wconf 81' lang='lat' dir='ltr'><strong>quantum</strong></span> <span class='ocrx_word' id='word_1_404' title='bbox 956 4028 1055 4075; x_wconf 87' lang='lat' dir='ltr'><strong>nostro</strong></span> <span class='ocrx_word' id='word_1_405' title='bbox 1078 4025 1188 4075; x_wconf 83' lang='lat' dir='ltr'><strong>nomine</strong></span> 
     </span>
     <span class='ocr_line' id='line_1_44' title="bbox 126 4107 1191 4173; baseline -0.004 -16"><span class='ocrx_word' id='word_1_406' title='bbox 126 4109 254 4161; x_wconf 83' lang='lat' dir='ltr'><strong>dedimus.</strong></span> <span class='ocrx_word' id='word_1_407' title='bbox 290 4120 447 4173; x_wconf 74' lang='lat' dir='ltr'><strong>spcayeam</strong></span> <span class='ocrx_word' id='word_1_408' title='bbox 463 4110 505 4157; x_wconf 90' lang='lat' dir='ltr'><strong>ed.</strong></span> <span class='ocrx_word' id='word_1_409' title='bbox 522 4108 631 4159; x_wconf 82' lang='lat' dir='ltr'><strong>noviss.</strong></span> <span class='ocrx_word' id='word_1_410' title='bbox 649 4120 685 4157; x_wconf 84' lang='lat' dir='ltr'><strong>ex</strong></span> <span class='ocrx_word' id='word_1_411' title='bbox 704 4107 765 4159; x_wconf 87' lang='lat' dir='ltr'><strong>suis</strong></span> <span class='ocrx_word' id='word_1_412' title='bbox 784 4108 872 4157; x_wconf 82' lang='lat' dir='ltr'><strong>cedd.</strong></span> <span class='ocrx_word' id='word_1_413' title='bbox 892 4135 923 4145; x_wconf 83' lang='lat'><em>-</em></span> <span class='ocrx_word' id='word_1_414' title='bbox 941 4110 984 4157; x_wconf 84' lang='lat' dir='ltr'><strong>De</strong></span> <span class='ocrx_word' id='word_1_415' title='bbox 1002 4107 1122 4169; x_wconf 82' lang='lat' dir='ltr'><strong>spongia</strong></span> <span class='ocrx_word' id='word_1_416' title='bbox 1140 4108 1191 4154; x_wconf 88' lang='lat' dir='ltr'><strong>de-</strong></span> 
     </span>
    </p>
   </div>
   <div class='ocr_carea' id='block_1_7' title="bbox 0 0 1472 4750">
    <p class='ocr_par' dir='ltr' id='par_1_7' title="bbox 0 0 1472 4750">
     <span class='ocr_line' id='line_1_45' title="bbox 0 0 1472 4750; baseline 0 0"><span class='ocrx_word' id='word_1_417' title='bbox 0 0 1472 4750; x_wconf 95' lang='lat' dir='ltr'><strong> </strong></span> 
     </span>
    </p>
   </div>
  </div>
 </body>
</html>
