2934 4750
271 287 314 349 'ld
657 299 760 343 earur
789 299 952 356 ounnrurr.

274 473 336 537 ritu
362 471 472 554 dogma
499 467 682 555 pertinuisse
712 469 777 533 veri
811 487 848 534 eo
881 467 1010 534 similius
1044 475 1104 544 est,
1141 469 1255 554 quippe
1282 470 1336 536 hoo

274 582 354 646 idem
384 580 447 666 jam
479 599 497 642 a
530 578 680 663 Menippo
714 579 750 644 in
778 577 938 665 Symposio
972 577 1147 648 traductum
1182 578 1276 644 luisse
1308 580 1337 644 in

272 697 430 776 comperto
458 696 513 753 est.
556 688 626 753 Alia
653 687 801 753 Varronis
828 687 937 754 Satura
967 689 1112 774 inseripta
1144 696 1209 754 erat
1238 691 1338 776 Loope

272 802 362 887 Fupit
391 799 456 877 Qut
479 797 558 866 Suos
583 799 687 884 Fupt't,
723 818 816 882 quarn
848 797 990 862 iteruin
1020 797 1138 863 Stoioos
1169 798 1263 864 fuisse
1289 804 1336 868 vel

272 912 356 975 solus
382 910 491 976 titulus
518 908 638 973 indicat.
687 907 795 992 Neque
825 927 898 973 sane
921 929 957 973 ea
984 907 1076 973 verba
1103 907 1140 972 de
1170 909 1231 974 ulla
1260 910 1336 995 plri-

272 1020 429 1107 losophiae
456 1019 567 1085 veteris
597 1016 699 1082 schola
725 1019 839 1083 rectius
864 1018 1041 1105 usurpanda
1067 1026 1153 1095 sunt,
1167 1039 1277 1104 ·quum
1300 1020 1335 1086 da

271 1132 345 1208 illis,
375 1130 489 1217 quippe
518 1147 597 1214 quos
622 1127 767 1214 opinione
796 1149 850 1193 sua
873 1137 1034 1213 arrogante
1061 1136 1093 1194 et
1120 1128 1223 1212 inepta
1245 1150 1336 1216 quoru
1450 1195 1451 1208 ,

273 1240 330 1306 sibi
351 1241 390 1306 de
412 1240 519 1304 beatae
537 1237 618 1304 vitae
644 1237 763 1303 ratione
790 1238 955 1314 linxerant,
984 1237 1060 1303 adeo
1083 1236 1249 1304 delectatos
1271 1261 1335 1305 esse

272 1358 405 1428 coastat,
440 1358 477 1416 ut
497 1350 660 1435 J'aotarent,
693 1369 726 1413 se
751 1368 858 1413 ornnes
885 1348 1007 1412 vincere
1034 1356 1097 1412 tarn
1123 1348 1217 1412 animi
1241 1367 1334 1434 quam

270 1461 406 1549 eorporis
428 1467 460 1525 et
482 1458 623 1526 fortunae
645 1459 750 1523 bouis:
779 1479 811 1523 se
834 1459 915 1524 solos
938 1458 1107 1544 sapientes,
1132 1457 1282 1524 ionnosos
1305 1469 1334 1525 et

270 1573 377 1637 beatos
395 1589 472 1645 esse,
489 1569 626 1654 reliquos
644 1567 803 1632 dementes
822 1568 869 1633 vel
892 1569 1020 1634 rniseros
1041 1575 1081 1645 θ).
1124 1570 1161 1633 ln
1181 1590 1258 1655 quas
1280 1569 1333 1635 in—

271 1680 368 1766 eptias
392 1677 487 1743 Stoici
514 1677 630 1763 delapsi
654 1697 751 1763 quuur
777 1698 843 1748 sese
871 1685 1018 1764 unquam
1048 1677 1086 1744 de
1113 1679 1213 1744 alieno
1244 1678 1333 1765 ligno,
1451 1763 1452 1766 Ἴ

271 1808 364 1875 quam
382 1787 476 1853 oeteri
494 1785 644 1864 homines,
659 1785 820 1852 fabricatos
837 1807 903 1852 esse
920 1788 978 1853 sibi
994 1787 1222 1874 persuaderent,
1237 1810 1333 1876 eaque

269 1897 442 1983 arrogantia
466 1917 531 1962 non
559 1896 659 1961 solun
687 1917 721 1960 se
748 1915 906 1982 segregare
932 1898 971 1962 ab
999 1897 1048 1964 his
1080 1897 1131 1963 sed
1159 1917 1212 1962 eos
1241 1900 1333 1964 etiam

269 2009 375 2094 lugere
403 2006 631 2093 quodammodo
663 2004 855 2085 riderentur,
892 2029 954 2074 non
988 2007 1088 2095 aptius
1115 2004 1250 2093 proiecto
1278 2031 1334 2076 nec

265 2119 379 2215 justius
402 2125 523 2204 poterat
552 2115 803 2203 vituperabilis
795 2137 821 2181 rs
855 2137 941 2182 error
975 2138 992 2182 a
1020 2119 1158 2182 Varrone
1185 2117 1334 2196 denotari,
1452 2195 1453 2206 p

267 2249 361 2316 quam
389 2227 443 2292 illo
475 2227 652 2314 proverbio:
685 2227 792 2313 longe
824 2227 917 2312 Fugit
945 2227 1008 2307 Qui
1036 2226 1115 2293 Suos
1143 2227 1244 2313 Fugit.
1293 2229 1333 2292 Et
1452 2219 1453 2260 ³

267 2339 370 2425 plures
392 2337 520 2407 Sutrrrae
548 2335 688 2415 fuerunt,
722 2337 893 2425 inquibus
921 2337 1095 2405 Stoicorum
1118 2337 1332 2423 perversitates

266 2449 564 2536 perstringebuntur,
592 2457 629 2513 ut
655 2448 707 2513 illa
730 2463 816 2533 Περὶ
834 2462 1036 2532 Ἐξαγωγῆς
1064 2447 1225 2533 inscripta,
1254 2470 1331 2534 quae

267 2569 333 2626 erat
345 2559 384 2625 de
398 2568 497 2626 morte
510 2582 549 2624 ex
564 2558 686 2625 scholae
702 2558 791 2625 istius
806 2558 872 2644 lege
890 2558 973 2623 ultro
990 2557 1048 2622 sibi
1062 2557 1287 2635 oonseisoendu,
1301 2566 1330 2623 et
1453 2604 1454 2661 p

265 2671 458 2748 Eumenides,
478 2690 555 2756 quus
573 2671 606 2735 in
623 2669 779 2755 paradoxo
801 2670 853 2736 illo
867 2680 931 2738 Ὅτι
948 2681 1050 2743 πάντες
1068 2680 1157 2749 μωροὶ
1173 2682 1331 2749 μαίνονται,

266 2779 351 2865 quod
372 2780 465 2843 etiam
482 2779 629 2844 Horatius
651 2779 685 2843 iu
704 2779 893 2864 Damasippo
913 2798 970 2842 suo
991 2775 1183 2862 perstrinxit,
1212 2796 1331 2841 summa

266 2887 429 2953 testivitate
450 2886 605 2952 cavillatus
623 2908 691 2952 esse
713 2888 761 2953 vel
782 2886 874 2951 hodie
894 2874 1043 2973 reliduiae
1063 2891 1224 2951 testantur.

351 2996 412 3063 Sed
434 2996 524 3061 siouti
544 2997 692 3061 Horatius
712 3018 774 3061 non
798 2995 972 3061 Stoioorum
995 2994 1086 3061 ruodo
1107 3014 1214 3061 verum
1237 2995 1330 3059 etiarn

265 3109 394 3175 aliarum
417 3114 569 3173 sectarum
595 3105 705 3193 placita
726 3105 759 3171 in
784 3104 985 3173 Sermonibus
1010 3106 1074 3171 suis
1094 3102 1252 3180 traduxit,
1289 3104 1331 3168 ita

266 3241 322 3286 neo
341 3220 441 3286 Varro
462 3218 531 3285 illos
553 3217 636 3283 solos
652 3216 739 3281 salsis
758 3215 821 3281 suis
843 3214 958 3281 facetiis
980 3214 1118 3301 petebat,
1143 3210 1196 3277 sed
1211 3211 1330 3298 ubique

264 3352 382 3418 aequus
405 3350 518 3410 „sanae
539 3327 701 3403 Veritatis,
727 3326 847 3392 Atticae
872 3322 1091 3410 Philosophiae
1114 3322 1277 3387 alurnnae“
1297 3326 1329 3398 7)

263 3440 375 3508 vindex
392 3439 525 3525 cujusvis
546 3436 724 3522 disoiplinae
742 3434 870 3501 ridioula
886 3441 940 3500 out
958 3452 1101 3519 perversa
1122 3450 1249 3518 carpere
1270 3452 1328 3523 so·

263 3548 353 3615 lebat.
396 3547 612 3630 Perelegantes
629 3551 702 3609 sunt
721 3544 754 3608 in
774 3543 991 3609 Eumenidilus
1010 3548 1043 3621 ⁸)
1062 3540 1204 3608 versiculi
1228 3539 1287 3604 illi:

334 3696 363 3755 ⁶)
381 3692 481 3757 Loupe
497 3691 588 3757 Fupit
609 3688 993 3755 autumnitatem:
1024 3686 1130 3752 „Solus
1150 3697 1218 3749 rex,
1249 3682 1328 3732 solus

262 3781 373 3843 rhetor,
394 3776 473 3826 solus
489 3774 645 3838 formosus,
666 3772 765 3839 sortis,
787 3784 893 3836 aequus
911 3773 957 3822 vel
975 3771 1011 3822 ad
1026 3769 1183 3821 aedilicium
1199 3766 1327 3827 modium,

260 3875 365 3928 purus,
397 3862 481 3922 putus
503 3858 584 3907 —si
608 3858 643 3908 ed
666 3860 738 3909 huno
763 3860 929 3909 charactere
954 3856 1144 3919 Cleophantus
1168 3849 1328 3912 eonveniet,

263 3960 342 4011 esve,
363 3943 493 4008 attigeris
511 3941 678 3993 hominem.“

330 4036 358 4091 ⁷)
377 4032 411 4081 V.
434 4027 585 4080 Eumenia.
601 4026 635 4077 tr.
655 4026 697 4076 tt.

302 4174 308 4184 ,
333 4120 360 4174 “)
379 4113 529 4170 ummo.
542 4111 576 4163 tr.
594 4110 647 4175 ἢ,
664 4110 711 4163 uti
729 4111 792 4162 vide
810 4110 903 4161 must.
