2934 4750
260 237 322 298 184
598 253 630 292 ιι.
654 249 807 294 reennru
830 247 987 294 venenis

261 434 348 488 quone
372 418 409 486 ej.
428 419 506 483 lips.
547 419 692 484 ροοκσιιοι
716 415 754 484 ej.
773 419 864 483 scel,
890 416 976 468 Pelm.
1017 415 1172 481 animetur,
1191 415 1226 466 oi
1241 427 1270 466 r.
1293 414 1331 481 ej·

260 507 337 558 Seel.
388 506 566 570 perierimus
589 501 627 568 ej.
649 503 727 566 cipe.
772 517 801 568 p,
824 514 876 553 ore
896 500 1015 564 frenato
1044 497 1083 564 ej.
1103 499 1198 564 lupe,
1231 500 1332 566 Palm,

260 590 373 652 l’opme.
414 587 583 651 refrenatus
606 585 644 653 ej.
673 587 765 638 cinon.
788 612 822 623 -
848 586 969 636 suboles
990 585 1020 634 in
1043 584 1192 637 arboribus
1213 590 1282 634 sune
1302 581 1332 634 ui

261 667 459 740 νισιροιφοοίὸες.
494 673 563 723 ilinc
583 674 617 722 de
635 672 746 734 cupillis
761 673 870 736 Verre,
887 673 917 720 et
934 668 1242 745 sppoiej.neee11,p.
1260 670 1331 734 eie,

262 759 296 808 de
309 758 409 808 Fotide
426 770 494 808 sire:
519 755 610 822 „Cum
624 757 745 819 capillus
761 755 901 818 frequenti
914 756 1014 805 subole
1028 754 1151 806 cumulet
1165 753 1331 804 vertioen“.

263 841 306 893 Ol.
325 843 393 892 Adr.
414 843 480 893 Jun.
498 842 532 892 de
552 841 639 892 Come
660 854 686 892 c.
706 842 730 891 l.
771 839 893 903 lloetiig.
918 839 1013 890 sabin.
1034 853 1063 901 p.
1087 839 1135 888 122
1159 840 1190 888 ei
1214 839 1275 888 162.
1298 865 1331 876 -

265 926 408 994 Cincium,
438 939 510 989 qnos
532 927 666 978 describit
689 928 797 990 Varro,
826 927 891 974 soni
907 924 1002 974 untiec
1020 923 1094 984 eliee
1109 922 1253 985 appellati.
1290 923 1331 973 cl.

263 1011 438 1063 eeneeeuu.
457 1011 510 1062 sub
526 1023 562 1061 ee
578 1023 661 1078 voce,
678 1015 707 1061 et
720 1010 823 1061 isidor.
836 1008 934 1072 origg.
951 1009 1027 1073 xlx,
1043 1007 1104 1058 ila
1122 1007 1253 1073 „Aueiae
1268 1012 1331 1057 enne

265 1095 388 1146 cincinni
405 1096 592 1157 dependentes
609 1108 697 1158 prope
713 1096 867 1161 numerulos,
885 1106 992 1158 graeco
1009 1093 1149 1144 vocabulo
1166 1091 1330 1162 conminus

266 1177 389 1231 dictee“.
423 1181 465 1231 lle
486 1181 626 1232 vooeiulo
649 1183 728 1232 rictu
745 1179 852 1231 eideeie
870 1179 1002 1231 Doederl.
1021 1179 1129 1240 Syuou.
1150 1177 1206 1242 lli,
1228 1191 1257 1240 p.
1274 1176 1331 1226 lle.

723 1299 876 1310 ——---

515 1417 601 1470 LXV.
637 1415 774 1468 PAPPUS
801 1417 874 1468 All’l
901 1415 1087 1468 inuicem.

336 1523 432 1574 'l'ilulue
455 1528 614 1582 coniecluree
637 1539 684 1584 ope
708 1527 815 1574 enoble
834 1527 969 1574 resiliuiue.
1003 1525 1061 1572 elli·
1071 1524 1208 1571 morienne
1227 1519 1334 1586 Peppse

268 1591 316 1638 cui
332 1587 431 1654 leden,
452 1590 482 1641 P.
498 1597 546 1643 cni
561 1591 659 1654 leden,
679 1591 710 1642 P.
728 1598 775 1643 eui
793 1591 917 1659 indigue,
936 1597 978 1640 vel
998 1588 1028 1639 P.
1047 1596 1095 1640 uni
1112 1589 1145 1639 de
1160 1587 1333 1655 indiguerun-

269 1654 321 1716 ie'e3
343 1663 388 1707 sed
406 1673 543 1718 perperam.
577 1666 661 1712 Locus
679 1664 762 1723 Nonii,
782 1664 807 1709 in
824 1675 872 1718 ouo
890 1664 953 1710 liber
970 1662 1068 1719 eiieinr,
1086 1662 1112 1706 in
1131 1662 1246 1706 omniiue
1261 1659 1333 1705 codd.

270 1726 308 1774 sic
323 1731 438 1779 iubetur:
462 1733 559 1788 „verro
576 1733 616 1778 Pe
622 1745 694 1792 ppo,
713 1738 768 1778 eut
785 1733 906 1787 indige:
929 1729 1081 1777 nasturcium
1104 1729 1187 1784 indige
1205 1740 1255 1774 non
1271 1727 1335 1772 lovi-

270 1795 316 1842 des
331 1795 357 1841 in
375 1807 406 1842 eo
424 1797 472 1843 dici
488 1801 552 1853 qnod
571 1811 660 1848 seeum
682 1801 811 1856 torqueeii
834 1811 888 1855 eoo.
923 1801 1002 1854 ouem
1020 1800 1116 1856 locum,
1135 1808 1185 1842 une
1200 1798 1334 1850 eudemone

270 1866 411 1920 corruptele
433 1864 471 1912 ile
494 1867 622 1929 iniectum,
649 1871 684 1916 ile
704 1870 883 1917 restituendum
905 1879 977 1914 esee:
1008 1869 1037 1914 V.
1054 1868 1165 1920 eeppo
1183 1871 1237 1911 eui
1252 1864 1335 1910 indi-

271 1940 367 1985 gene:
385 1935 541 1982 Neelurcium
559 1937 676 1994 indigene
692 1949 744 1984 non
761 1938 833 1984 vides
851 1937 907 1982 ideo
924 1935 974 1981 diei
991 1945 1054 1993 eoo„
1072 1945 1146 1980 nemo
1165 1939 1205 1979 est
1223 1934 1282 1990 quin
1297 1932 1335 1992 yi-

271 1997 336 2043 deei.
359 2021 393 2033 -
414 2005 540 2051 Mereerus
564 2011 631 2060 pulei
655 2007 744 2052 librum
766 2005 886 2052 Varronis
910 2003 1102 2058 etymologicum
1125 2000 1219 2059 inisse,
1245 2002 1272 2047 in
1290 2012 1335 2056 ouo

272 2076 353 2117 ⁸⁸⁰⁰!
370 2070 455 2124 leeris
474 2071 515 2129 (i)
538 2073 656 2120 indiceret
677 2085 768 2119 vocum
786 2073 918 2119 leliuerum
936 2072 1054 2126 origines.
1085 2074 1169 2123 lieoue
1190 2069 1245 2114 veri
1263 2069 1337 2114 valde

272 2135 386 2182 sisimile
407 2141 468 2198 hoc,
496 2141 520 2188 si
542 2143 639 2196 ouldem
657 2142 790 2197 lrugmenii
806 2142 926 2187 tedonem
942 2141 1015 2194 senui
1036 2139 1116 2184 lleeei.
1150 2140 1236 2183 senex
1255 2142 1337 2182 eutem

272 2203 315 2250 ille
340 2208 522 2263 etymologicon
544 2215 654 2258 insciens
681 2211 738 2266 ipse
760 2211 803 2255 ille
827 2210 925 2255 videtur
947 2219 1006 2255 esee
1027 2210 1141 2264 Poppae,
1167 2206 1338 2251 Atellanarum

273 2271 391 2320 ridiculus
408 2287 502 2337 senex,
520 2279 550 2324 de
568 2291 616 2335 quo
633 2290 658 2326 v.
675 2282 760 2324 Munk.
777 2280 808 2324 de
825 2280 885 2324 σοι.
900 2278 975 2323 Atell.
992 2266 1017 2331 p‘.
1032 2274 1076 2320 32.
1096 2280 1121 2319 οι
1135 2276 1265 2320 lleuveoe.
1281 2274 1338 2320 col·

272 2341 329 2388 leei.
339 2342 413 2389 liter.
424 2345 451 2394 c.
464 2347 505 2407 ix,
518 2359 542 2403 p.
556 2345 614 2395 149.
627 2370 661 2381 -
675 2347 789 2396 Celerum
807 2346 839 2394 ei.
856 2356 934 2403 eupre
950 2346 976 2392 lu
989 2345 1124 2417 comment.
1136 2343 1195 2399 cep.
1209 2344 1252 2403 lll,
1263 2354 1288 2398 p.
1297 2339 1338 2388 ol.

298 2440 325 2506 l.
360 2442 566 2525 Nasturcium,
588 2447 741 2533 indigene,
762 2468 825 2512 non
846 2445 932 2535 uides
951 2442 1021 2509 ideo
1042 2443 1113 2519 diei,
1130 2440 1214 2529 quod
1232 2461 1340 2507 nasum

359 2558 517 2642 torqueat:
546 2557 756 2644 coelispicem,
779 2556 861 2644 quod
885 2564 1001 2622 vestem
1024 2552 1155 2639 spiciat‘l

343 2677 368 2726 1·
404 2682 455 2743 Ap.
473 2684 544 2734 Non.
564 2698 591 2747 p.
610 2685 659 2749 12,
688 2684 731 2733 22.
755 2698 782 2732 v.
806 2679 963 2743 Vestiepici
984 2678 1197 2742 appellabantur
1224 2674 1340 2727 vestium

275 2762 409 2815 custodes
427 2766 513 2818 servi.
539 2795 566 2804 -
590 2768 778 2821 Nocturnum
799 2781 893 2819 nonne
911 2766 993 2817 uideo
1017 2764 1098 2815 dictu
1147 2786 1230 2804 ...-
1254 2761 1341 2831 veril-

276 2848 404 2915 epicum,
427 2852 505 2914 quod
520 2864 546 2902 o.
566 2848 702 2917 speciei?
725 2853 866 2904 heutoni.
907 2850 999 2901 nonne
1018 2850 1100 2900 eides
1118 2846 1155 2898 eb
1173 2858 1206 2896 eo
1225 2846 1287 2896 dice·
1304 2840 1340 2908 ej.

275 2930 379 2993 Mem-2
404 2932 518 2996 l’opme.
554 2936 596 2987 ci.
615 2949 701 3000 supra
718 2939 747 2990 in
763 2939 826 2988 edn.
843 2938 879 2987 ed
893 2935 979 2986 inser.
993 2934 1068 2985 libii.
1087 2959 1121 2969 -
1144 2932 1239 2982 Verro
1256 2931 1290 2980 Ι..
1308 2930 1341 2978 1..

275 3012 338 3077 3⁷¹¹,
357 3013 415 3064 ¹2*
451 3018 519 3082 „Sic
538 3021 614 3072 dicte
633 3022 800 3087 vestispice,
820 3035 891 3085 quee
908 3023 1015 3071 vestem
1032 3017 1169 3081 spiceum,
1187 3014 1215 3063 id
1234 3016 1281 3063 esi
1301 3010 1343 3061 vi·
1447 3023 1448 3048 l

276 3096 356 3148 deret
385 3102 490 3152 vestem
518 3116 552 3155 ec
580 3106 735 3159 iuerei11r“.
777 3104 962 3157 Masculinum
983 3105 1099 3167 praebet
1124 3097 1273 3159 inecrilii⁰
1299 3109 1342 3159 ιι1)·
1447 3162 1448 3174 ,

275 3182 389 3274 lieinee.
406 3188 486 3250 synt.
502 3188 550 3255 Xl,
564 3190 619 3243 ie:
637 3192 815 3245 Philodemus
827 3214 861 3227 -
874 3189 907 3240 G.
921 3188 1036 3252 sulpici.
1056 3182 1164 3247 Vesiipi
1175 3210 1209 3221 -
1221 3183 1256 3232 ll.
1269 3182 1298 3232 S.
1310 3180 1342 3232 Ε.
1447 3177 1448 3234 i

650 3421 749 3472 cxvi.
784 3416 970 3471 PARMENO.
1073 3410 1077 3417 ’

344 3522 473 3581 inscriptio
494 3540 526 3575 ex
544 3530 684 3590 proverbio,
703 3531 738 3576 uii
752 3531 858 3589 videtur,
873 3528 1032 3585 explicende,
1051 3525 1117 3579 oood
1134 3522 1205 3569 ederi
1223 3518 1345 3569 deleford.

276 3587 302 3634 in
320 3588 549 3644 Proveru.ecod.
568 3600 645 3647 colel.
663 3600 702 3645 ed.
721 3596 782 3644 220.
807 3610 830 3653 p.
851 3595 915 3643 140:
945 3579 1015 3656 „Eoi
1037 3582 1112 3654 μὲν,
1143 3574 1218 3635 ἀλλ’
1245 3576 1346 3634 οὐδὲν

277 3646 366 3735 ⁷⁶9⁶&
386 3651 450 3722 τὴν
467 3656 717 3727 Παρμένοντος
735 3652 791 3711 eiu.-
809 3655 873 3711 ’Euri
891 3658 946 3709 τῶν
962 3650 1142 3721 πειρωμένων
1156 3669 1185 3703 τι
1199 3649 1346 3729 eusticius

277 3734 328 3771 oue
346 3714 536 3791 ἐφικνομένσον
555 3723 593 3780 de'.
630 3722 788 3793 Παρμένων
809 3723 863 3793 γὰρ
888 3718 903 3777 ὁ
928 3721 1077 3792 ζωγράφος
1093 3713 1130 3773 de
1150 3716 1268 3786 γράψας
1286 3728 1346 3767 W·

276 3787 380 3856 θηκεν,
406 3784 443 3859 ἣν
461 3791 508 3846 καὶ
530 3794 630 3863 φωνὴν
649 3790 767 3861 ἀφιέναι
784 3792 811 3846 oi
829 3790 969 3860 θεώμενοι
988 3788 1137 3846 ἐδόκουν.“
1171 3794 1261 3868 Ρροιιο
1280 3790 1348 3837 ellier

277 3872 329 3907 rem
348 3872 432 3912 narret
450 3869 574 3917 Plutarch.
591 3869 748 3926 sympoeieo.
766 3871 801 3929 v,
821 3867 855 3916 l.:
879 3854 930 3929 ,,Ὁ
944 3857 975 3914 di
993 3854 1164 3926 μιμούμενος
1183 3850 1348 3919 αλεκτορίδα

277 3922 390 3991 βοῶσαν
403 3925 451 3980 καὶ
469 3930 605 3999 κορώνην,
621 3928 775 3997 εὐφραίνει,
805 3927 862 3982 nal
877 3926 1031 3995 φθισικοὺς
1046 3922 1097 3991 μὲν
1114 3918 1236 3990 ὁρῶντες
1255 3921 1350 3997 duone:

277 3990 421 4076 ρριίνομιν·
445 3992 617 4083 ἀνδριάντος
636 3996 666 4052 oi
683 3996 730 4051 eei
748 3995 859 4065 γραφὰς
879 3996 1023 4063 φθισικῶν
1041 3990 1131 4061 ἡδέως
1145 3986 1298 4072 cencede,
1311 4000 1349 4056 οφ

277 4077 329 4126 την
348 4062 479 4116 διανοιαν
498 4065 555 4123 und
575 4067 633 4118 τῶν
650 4064 816 4135 μιμημάτων
835 4062 956 4133 ἄγεσθαι
977 4058 1049 4117 κατὰ
1070 4059 1104 4115 τὸ
1127 4058 1240 4113 οἰκεῖον.
1281 4050 1351 4109 Επεὶ
