2934 4750
286 346 327 389 nx
347 345 473 390 nnssnrs
495 339 644 390 esrom
665 340 849 392 nsxrnnssn
870 345 1040 392 vsnoms.
1154 329 1197 392 i'i

129 515 217 574 Μ’
236 507 453 596 conscripsisse
473 507 621 578 troditnm
643 517 705 578 est:
732 510 766 577 in
787 529 851 598 qne
871 509 1037 578 reridmds
1056 519 1105 577 est
1123 530 1197 579 suns

128 615 254 683 uberius
274 617 446 706 disputasse
468 627 535 686 mm
554 619 593 686 de
612 621 748 700 rationo,
783 639 877 708 quom
900 619 996 686 sitin
1017 622 1083 687 suis
1101 641 1198 688 oom-

129 727 278 812 ponendis
296 729 491 814 potissimum
514 737 651 809 seeums,
679 737 747 795 mm
768 729 808 795 de
829 730 868 795 iis
889 729 998 809 robus,
1025 729 1059 796 in
1082 730 1197 817 quibus

129 835 166 901 ab
184 837 320 904 Enniani
340 837 554 926 Luoiiisnique
581 837 703 924 generis
730 838 849 924 legibus
870 839 1005 906 msxim
1028 840 1197 906 resumsit

129 945 189 1012 Sed
210 947 336 1014 isiiber
357 969 455 1035 quum
477 948 642 1027 interierit,
659 955 705 1026 ut,
724 946 783 1012 nisi
802 948 923 1023 Nouius
938 949 1105 1016 Moroeiius
1123 969 1148 1016 s.
1169 971 1197 1017 r.

129 1057 339 1134 ‚‚Pnreetntne“
357 1079 386 1144 p.
401 1058 453 1137 67,
468 1079 497 1124 v.
518 1058 565 1124 Ιθ.
582 1058 630 1124 ed.
646 1058 743 1123 More.
757 1059 938 1124 momoriem
955 1059 1022 1144 eius
1038 1067 1198 1137 mosset,

130 1167 178 1232 rei
195 1187 334 1254 unqmm
353 1168 507 1234 exstitisse
532 1189 604 1234 eum
632 1168 835 1243 aestuemus,
860 1166 938 1232 niirii
959 1166 1023 1252 jorn
1049 1175 1200 1253 superest,

131 1275 188 1340 nisi
206 1283 243 1342 ut
259 1295 298 1342 ex
314 1277 446 1343 odiorum
459 1278 644 1365 scriptorum
659 1275 844 1342 testimoniis
856 1296 959 1362 exque
974 1275 1050 1362 ipsis
1063 1276 1202 1362 reliquiis

130 1383 309 1452 &warum
330 1407 487 1474 exponere
508 1386 641 1474 propriis
662 1384 782 1452 viribus
800 1384 1002 1470 suscipiamus
1021 1384 1105 1471 quod
1124 1385 1202 1472 pie-

131 1494 201 1560 nius
226 1503 258 1560 et
287 1496 398 1562 molius
421 1496 551 1582 abipso
576 1496 716 1562 Varrone
744 1492 848 1559 doceri
868 1513 933 1560 non
957 1494 1089 1580 emplius
1111 1494 1201 1561 nohis

131 1602 249 1670 {inituim
269 1611 325 1670 est
345 1641 388 1652 -

217 1710 325 1778 Ftoies
346 1712 494 1778 orationis
517 1713 618 1798 qusiis
643 1711 736 1778 inerit
757 1711 791 1776 in
811 1710 959 1777 Varronis
976 1710 1105 1792 Sstmis,
1126 1713 1201 1780 setis

130 1828 238 1908 operte
261 1821 432 1908 loquuntur
451 1830 519 1887 tum
541 1822 608 1909 ipsa
633 1841 739 1888 esrum
760 1819 946 1906 fragmento,
966 1828 1034 1887 tum
1060 1829 1201 1889 veterum

131 1930 316 2016 scriptorum
343 1931 534 1998 testimonis:
569 1953 627 1998 noo
654 1951 843 2018 quemquem
870 1930 1006 1997 arbitror
1031 1953 1114 2012 esse,
1144 1932 1200 2018 qui

132 2039 260 2118 neseiat,
283 2039 428 2108 desivisse
449 2041 532 2127 opud
555 2042 642 2108 ilium
664 2040 808 2106 Saturum
828 2060 983 2106 nnrmen
1003 2061 1089 2121 esse,
1108 2043 1201 2129 quoin
1282 2086 1285 2092 -

132 2147 231 2216 sdhuo
249 2149 331 2237 opud
350 2151 489 2218 Ennium
512 2158 545 2216 et
566 2151 648 2237 opud
668 2150 824 2216 Luoiiium
841 2148 915 2227 init,
936 2156 969 2217 et
988 2171 1087 2236 poene
1103 2158 1201 2218 toton

133 2259 164 2324 in
194 2259 344 2346 pedestris
366 2260 516 2326 orationis
541 2280 657 2326 nomen
678 2279 714 2324 so
734 2257 885 2324 ditionem
905 2258 1092 2324 transivisse.
1134 2260 1203 2325 Hos

132 2390 205 2436 vsro
221 2369 264 2435 ito
282 2367 397 2435 ieouun
414 2377 477 2447 ost,
495 2377 542 2448 ut,
563 2367 704 2457 momnis
725 2373 888 2453 monerent
905 2365 1053 2455 pristinos
1073 2375 1203 2435 nomme

132 2477 259 2563 vestigio
282 2477 418 2543 mrminn
443 2485 538 2563 etque
559 2484 717 2563 poemate,
748 2475 826 2541 insen
850 2483 956 2541 tomen
982 2495 1046 2541 non
1072 2476 1204 2563 emptius

133 2587 199 2675 ipss
218 2607 275 2673 per
293 2608 327 2653 se
348 2585 490 2651 monam
511 2584 677 2663 effineront,
697 2585 728 2651 id
746 2584 831 2671 quod
854 2583 937 2671 opud
948 2583 1087 2651 Ennium
1107 2582 1204 2653 inisse

131 2695 275 2773 vidimus,
293 2693 348 2760 sed
366 2694 463 2779 magis
484 2702 613 2761 ornatus
632 2695 730 2781 gentis
751 2714 788 2761 no
806 2693 902 2762 veienti
924 2693 1064 2761 membru
1083 2694 1203 2762 solome

131 2802 283 2871 emtionis
300 2803 422 2889 eorpori
438 2802 541 2869 addita
559 2825 626 2871 osse
643 2804 830 2871 viderentur.
861 2803 964 2884 Quom
984 2804 1117 2891 speeiem
1137 2804 1203 2893 ejus

131 2912 295 2979 biformem
319 2932 500 2999 eompassus
524 2934 595 2981 eum
621 2914 764 2983 &niuno
789 2913 863 2981 sotis
889 2921 995 3001 operte
1022 2914 1204 3001 significent

133 3022 362 3103 Qnirrotiiinnus
378 3023 455 3089 lust
467 3022 523 3089 Or.
539 3023 560 3089 Ι.
572 3025 613 3103 Χ,
626 3046 651 3091 o.
671 3026 698 3091 l.
715 3024 801 3091 isisoe
818 3023 937 3091 verbis:
957 3023 1111 3102 ,Mersus
1128 3025 1205 3093 etos

134 3135 248 3219 etjam
262 3134 378 3220 prius
393 3133 514 3201 Satisne
528 3156 632 3221 penses,
645 3135 710 3200 sed
721 3156 797 3201 nos
811 3135 892 3201 seio
910 3135 1118 3201 carminum
1135 3158 1204 3200 oe—

133 3246 269 3310 ristnte
295 3244 455 3310 ssiaetssm
480 3242 658 3308 condidit
683 3242 726 3309 M.
757 3243 786 3306 T
786 3244 960 3309 orentius
992 3243 1111 3309 Varro
1133 3253 1205 3307 -.“

132 3354 214 3421 Num
232 3358 271 3417 ut
288 3351 440 3416 Ennianis
455 3350 531 3416 iliud
547 3350 703 3435 singodsm
718 3348 814 3415 tuisse
828 3349 863 3414 in
875 3357 1034 3435 oomperto
1050 3352 1205 3438 estquod

132 3484 173 3531 ex
185 3458 381 3549 poemnu'bus
390 3458 530 3545 quumvis
541 3458 669 3525 misoeiii
683 3459 806 3544 generis
819 3465 1005 3540 eonstorsnt,
1010 3460 1111 3527 Varro
1120 3470 1205 3549 oon—

132 3580 183 3639 tra
201 3570 235 3636 in
250 3568 316 3637 suis
333 3567 499 3635 oondendis
517 3590 581 3636 non
598 3569 733 3636 enrminn
749 3590 820 3637 urm
836 3569 1024 3639 torminibus
1035 3573 1211 3652 oontexuit.

134 3681 199 3760 sed,
218 3700 292 3747 rnox
308 3678 446 3745 numeris
464 3700 538 3747 mox
554 3679 688 3767 pedestri
708 3701 821 3765 genero
837 3700 923 3760 usus,
939 3682 987 3750 voi
1004 3682 1107 3767 ipsum
1126 3702 1206 3749 ors-

134 3790 230 3857 tionis
248 3797 388 3857 tenorem
405 3788 524 3856 rariore
545 3798 673 3856 conotus
694 3796 750 3855 est
775 3790 825 3855 lio
845 3812 906 3878 qno
927 3790 1053 3878 quimm
1070 3812 1108 3858 rs
1127 3810 1206 3858 sor-

135 3900 212 3967 bum
235 3920 317 3966 nune
341 3898 454 3965 nddsre
479 3899 568 3979 noio,
594 3898 775 3986 praesentim
804 3899 888 3987 quod
915 3900 1039 3987 grovior
1065 3899 1206 3986 qnnostio

137 4015 278 4097 superest
297 4007 495 4095 expediendo.

224 4116 385 4183 Traditum
402 4125 449 4185 est
465 4116 558 4196 enim,
578 4116 609 4184 id
626 4118 709 4207 quod
729 4137 821 4186 nemo
841 4118 970 4203 ignorat,
983 4119 1154 4183 Varronem
1174 4114 1207 4179 in
