2934 4750
296 306 336 348 ns
358 305 484 348 usuras
507 305 653 350 aarum
677 308 860 352 numeras
884 309 1050 358 rannerus.
1163 295 1208 356 80

136 469 215 536 alter
251 469 299 536 bie
335 470 529 556 poematibus
560 472 716 557 eleganter
748 495 836 540 suam
874 474 1022 541 distinxit
1076 477 1207 564 Dialogo

135 585 303 665 unumque
329 580 493 668 praecipue
519 601 611 648 rmum
633 603 715 661 esse,
749 603 806 669 pro
829 592 988 670 comperto
1009 584 1206 654 affirmamus

135 690 356 776 Praeterquam
378 691 461 756 enirn
481 689 565 776 quod
587 691 658 756 inde
680 712 697 756 a
717 691 851 758 Socratis
873 701 973 759 aetate
995 693 1106 781 dialogi
1130 717 1206 764 usrrs

136 799 217 864 iuter
241 798 442 886 philosophos
464 799 598 867 Graecos
624 807 785 886 tantopere
813 800 957 879 invaluit,
990 811 1026 869 ut
1050 804 1081 870 bi
1110 805 1206 873 veluti

136 908 257 993 privum
279 929 314 974 ac
336 909 496 996 proprium
518 909 577 976 sibi
595 930 668 974 eum
689 909 844 978 vindicare
865 910 1058 992 videreotru,
1083 923 1120 980 ut
1138 916 1205 982 mi-

135 1038 205 1082 rurn
234 1027 314 1084 esset
338 1019 481 1097 omnino,
515 1020 540 1084 si
566 1017 733 1104 Menippus
759 1039 798 1082 eo
822 1039 936 1105 genera
962 1021 1113 1087 scribendi
1142 1047 1204 1090 non

135 1147 211 1192 usus
243 1125 365 1206 luisset,
406 1129 521 1214 quippo
553 1127 687 1192 maxime
719 1127 833 1192 idoneo
862 1127 1015 1213 jucundae
1046 1131 1113 1216 ejus
1144 1134 1206 1198 stili

135 1235 301 1316 dicacitati,
338 1237 430 1302 etiarn
457 1237 592 1323 apertius
613 1236 659 1302 rei
684 1235 832 1300 indicium
854 1235 1092 1321 deprehendisse
1118 1240 1207 1304 nobis

136 1345 270 1430 primum
291 1345 323 1410 in
341 1367 379 1411 eo
398 1345 455 1412 risi
476 1367 592 1422 sarnus,
613 1344 697 1432 quod
714 1342 842 1409 Lueiani
863 1364 988 1430 quoque
1005 1345 1207 1431 Necyoman-

135 1454 177 1518 tia
209 1475 247 1519 eo
279 1455 371 1519 modo
398 1454 587 1540 compositus
614 1461 676 1530 est,
714 1451 801 1536 cujus
823 1463 979 1536 ἄρχὲιυπος
1001 1453 1102 1539 imago
1132 1457 1208 1542 quin

135 1563 187 1629 illa
214 1565 354 1649 Menippi
382 1576 492 1632 Νεκύῑα
518 1561 610 1628 luerit
639 1561 690 1626 rix
718 1560 920 1626 dubitandum
949 1569 1008 1626 est:
1037 1562 1147 1629 deinde
1175 1565 1206 1630 in

132 1694 188 1750 eo,
208 1670 295 1756 quod
314 1682 481 1752 tapetam
506 1669 586 1736 inter
609 1669 715 1755 Cynici
739 1669 850 1755 scripta
873 1669 1023 1736 laudatur.
1066 1672 1206 1759 Sympo-

100 1863 102 1870 s
132 1781 253 1846 siorurn
271 1780 353 1844 anim
375 1777 559 1864 scriptorum
576 1785 714 1845 veterum
731 1778 796 1844 lere
818 1799 855 1844 ea
870 1777 930 1844 luit
950 1780 1045 1857 ratio,
1068 1779 1101 1846 id
1121 1781 1204 1866 quod

133 1909 231 1977 paene
254 1889 286 1952 in
309 1888 418 1972 vulgus
446 1893 554 1954 nolum
577 1895 639 1964 est,
669 1895 705 1956 ul
727 1887 869 1956 homines
891 1889 996 1974 plures
1019 1889 1204 1958 introduce-

134 2006 242 2064 renurr
263 1997 302 2063 do
323 1997 451 2063 materia
473 1997 617 2084 quapiam
642 2000 801 2086 proposita
817 1998 1009 2067 familiariter
1022 1999 1104 2066 inter
1120 2021 1204 2066 eou-

133 2107 247 2175 virium
266 2107 457 2194 disputantes
479 2114 511 2172 et
531 2115 679 2194 tanquam
701 2108 836 2176 fabulam
859 2117 992 2193 agentes.
1035 2112 1140 2194 Atque
1160 2109 1205 2176 sie

133 2218 280 2284 Varronis
301 2238 427 2304 quoque
447 2218 611 2284 nonnullas
622 2216 748 2284 Saturus
764 2239 942 2284 sermonum
957 2216 1106 2302 ejusmodi
1121 2238 1204 2281 con-

133 2329 278 2397 vivalium
297 2347 384 2391 more
405 2327 590 2413 compositas
611 2324 705 2393 luisse
726 2332 846 2393 oenum
865 2332 928 2401 est,
954 2343 1143 2409 quamquam
1165 2344 1206 2389 ne

132 2459 195 2505 una
218 2436 343 2523 qrridern
366 2434 519 2520 reperitur
536 2435 667 2519 simplici
681 2433 860 2511 ‚‚Conrivii“
872 2453 931 2499 seu
941 2431 1133 2517 „Symposii“
1148 2433 1206 2498 in-

134 2546 300 2633 scriptione
320 2544 473 2629 insignita.
515 2548 558 2609 nt
576 2543 620 2609 ita
636 2543 740 2621 luisse,
758 2542 891 2609 clamant
909 2540 1058 2626 reliquiae
1071 2540 1205 2607 Satura-

133 2676 220 2734 rum,
253 2674 333 2740 quas
359 2651 526 2738 inscripsit:
560 2652 764 2740 Eisdymiones
793 2659 825 2716 et
849 2652 905 2717 Est
928 2649 1038 2718 Modus
1065 2650 1206 2727 Moero,

132 2777 199 2846 περὶ
219 2776 323 2845 Μέθης
345 2768 407 2839 ³¹).
437 2760 601 2826 Sermones
617 2782 691 2829 vero
713 2761 897 2847 plerumque
913 2758 1071 2826 induxisse
1090 2760 1123 2825 in
1140 2761 1206 2827 suis

132 2855 321 2950 Varronem,
350 2877 397 2935 tot
417 2878 491 2936 sunt
511 2870 543 2936 in
566 2869 658 2957 hujus
679 2869 1009 2957 fragmentis’indieia,
1030 2877 1066 2935 ut
1088 2870 1203 2955 singu-

135 2984 181 3047 los
203 2981 296 3057 locos,
317 2980 370 3066 qui
391 2979 516 3058 babent,
538 3000 719 3047 enumerare
740 2980 828 3047 facile
850 2979 1076 3066 supersedeam

217 3090 336 3168 Restat,
349 3096 394 3168 ut,
409 3096 573 3175 anteqrram
591 3089 786 3157 absolvamus
802 3098 905 3177 eaput,
916 3088 1023 3175 pausia
1040 3106 1203 3153 memore-

135 3220 203 3265 mus
221 3198 259 3265 de
279 3198 387 3263 matris
406 3198 837 3285 poematum‚,quibusVarro
856 3197 952 3263 veluti
971 3196 1101 3279 gemmis
1121 3194 1204 3258 stel-

135 3309 271 3373 lantibus
297 3326 389 3373 suunt
420 3328 498 3391 opus
521 3306 711 3371 distinxerat.
754 3304 898 3381 Quorum
926 3302 1058 3367 rubetas
1083 3300 1205 3385 egregia

133 3416 229 3485 luisse
250 3414 381 3481 videtur.
407 3416 486 3481 Nam
509 3420 631 3499 praeter
652 3412 809 3477 trimetros
827 3410 986 3498 iambicos,
998 3409 1112 3496 quibus
1132 3407 1203 3475 fre-

133 3588 168 3637 D.
189 3583 324 3635 Laertius
347 3595 437 3647 aeque
461 3585 627 3633 adnotasset
654 3586 738 3645 atque
757 3583 911 3650 Meleagri,
941 3586 990 3635 aut
1018 3595 1079 3633 eum
1105 3582 1202 3633 satiris

134 3667 274 3720 Varronis
293 3667 440 3730 quldquam
458 3666 588 3717 traditum
605 3669 659 3717 est.
696 3666 775 3727 Quae
791 3666 879 3731 igitur
901 3669 935 3717 de
953 3667 1041 3719 bione
1059 3668 1204 3729 disputan-

135 3755 197 3817 tur,
215 3764 251 3801 ex
268 3751 304 3801 ils
323 3763 413 3814 neque
430 3749 518 3801 libros
535 3749 659 3813 Menippl
675 3749 874 3813 illustrandos,
897 3755 925 3801 et
948 3752 1034 3801 multo
1053 3750 1143 3800 minus
1161 3748 1204 3797 di·

130 3832 312 3900 judicandum
334 3835 472 3899 arbitror,
499 3836 635 3897 quatenus
659 3834 708 3885 ille
732 3839 834 3885 auctor
859 3834 943 3884 fiserit
966 3835 1071 3885 satirae
1094 3836 1203 3884 Varro-

133 3914 268 3969 nianae.“
284 3943 317 3955 -

205 4002 250 4061 ⁸¹)
273 4001 344 4052 Vide
361 4001 435 4051 infra
449 4002 570 4065 uadum.
589 4002 624 4053 lr.
642 4000 659 4049 l
676 4004 704 4051 et
721 4004 747 4051 t.
783 4002 839 4052 ilat
855 4000 960 4052 Modus
978 4000 1121 4061 Matutae,
1141 3991 1203 4057 περὶ

138 4078 242 4150 Μέθης
258 4085 308 4137 lrr.
324 4084 411 4135 1-6.
