2934 4750
357 319 389 358 ιι.
413 318 442 359 u.
463 316 620 361 ιιιιοιιιι
642 315 774 361 sarum
796 315 974 362 ιιιιιιιιιιιιι.
1158 297 1199 359 lt

128 480 404 561 Burmanniauarn,
436 482 542 548 multis
568 482 641 548 locis
662 483 856 549 emendatum
877 489 909 546 ct
934 487 1069 558 auctam,
1099 502 1199 568 nuper

129 591 290 676 repetitam
317 613 384 658 esse
404 592 442 656 ah
462 593 500 657 ll.
521 593 663 677 Meyero,
686 593 769 670 Tun,
790 599 899 658 notum
925 599 981 656 est.
1023 590 1142 655 Prodiit
1161 613 1197 656 er

130 700 294 766 novissima
314 701 521 787 Anthologiae
543 703 609 766 Let
630 702 724 768 editio
742 702 824 788 Lips
845 699 928 768 1835
950 700 982 765 in
999 702 1038 765 ll.
1055 708 1129 766 tom.

215 812 298 876 Num
320 809 399 876 sorte
421 819 579 896 praeterea
602 811 633 876 in
655 812 722 878 aliis
744 812 830 877 libris
851 810 952 876 editae
974 811 1089 875 lateant
1109 811 1197 876 Var-

20 942 22 946 ·
128 919 213 985 roais
243 919 407 1006 reliquiae,
437 941 500 986 non
526 921 684 1006 cognitum
715 921 804 986 nobis
831 928 887 987 est
935 920 1062 1006 imples
1090 940 1196 986 earum

128 1029 324 1096 collectiones
343 1031 417 1096 olim
439 1029 641 1096 instituerunt
660 1031 688 1096 J.
707 1031 830 1117 Lipsius
851 1036 920 1109 ²⁶),
947 1032 998 1095 Fr.
1015 1031 1122 1095 Ilousn
1142 1034 1196 1106 ²⁷)

130 1145 162 1202 et
190 1138 312 1224 Siegeln
332 1141 574 1226 Harerlrarnpius
598 1145 668 1219 2⁸),
705 1149 737 1204 et
762 1140 802 1204 ad
828 1139 996 1204 editionem
1024 1139 1198 1204 habuerunt

129 1257 264 1334 paratus:
283 1249 337 1315 sed
349 1250 405 1315 uni
422 1271 531 1316 eorum
549 1271 628 1334 opus
646 1269 738 1314 suurn
753 1247 900 1334 perlicere
917 1248 994 1312 nulli
1011 1248 1106 1311 licuit.
1127 1247 1198 1311 Ne—

130 1378 189 1443 que
212 1358 301 1424 nobis
320 1367 513 1444 compertum
534 1367 596 1436 est,
623 1366 730 1425 utrum
751 1357 865 1422 horum
885 1357 1021 1423 virorum
1042 1354 1200 1420 molimina
1245 1353 1250 1363 ’

130 1466 162 1530 in
185 1468 305 1533 schedis
327 1475 481 1534 asservata
503 1467 594 1532 hodie
615 1467 728 1532 alicubi
750 1474 882 1532 exstent

213 1578 261 1642 Dc
278 1577 389 1642 Satura
407 1577 556 1642 Varronis
575 1576 742 1662 Menippea
764 1575 914 1642 habemus
938 1576 1014 1642 (luas
1032 1595 1199 1640 commen-

127 1684 274 1760 tationes,
291 1685 392 1768 pretio
413 1685 540 1750 minime
556 1707 656 1771 pares.
699 1687 767 1752 Una
785 1707 902 1763 eanum,
920 1685 1007 1771 cujus
1025 1692 1133 1750 auctor
1152 1690 1199 1748 est

127 1791 156 1857 J.
178 1792 215 1857 G.
234 1793 473 1878 Hauptmannus
493 1795 625 1880 quidam,
643 1795 757 1860 inserta
777 1805 826 1860 est
840 1795 1010 1861 Miscellau.
1022 1795 1104 1879 Lips.
1121 1794 1198 1860 Nor.

128 1901 400 1968 v01.v.t0m.u.:
420 1883 499 1968 nen
518 1902 614 1970 facins
635 1912 667 1969 et
688 1905 804 1970 nuliius
824 1905 924 1991 precii,
945 1905 978 1970 n
996 1924 1059 1989 quo
1076 1903 1101 1968 o
1118 1923 1215 1988 quae-

129 2010 210 2076 bona
232 2011 399 2090 inveneris,
426 2012 528 2078 statim
550 2014 665 2079 senties
688 2035 797 2080 eorum
819 2014 936 2080 iontem
958 2012 1052 2078 irrisae
1070 2015 1110 2077 Is.
1130 2011 1198 2078 Ge—

129 2120 258 2186 saulioni
282 2122 480 2207 opusculum,
512 2123 635 2208 saepius
660 2123 751 2188 nobis
773 2124 851 2189 inira
879 2124 1082 2200 laudandum,
1114 2120 1198 2207 quod

129 2229 250 2316 scripsit
281 2230 318 2296 de
345 2231 481 2316 Satyrion
508 2231 698 2298 Graecorum
728 2233 821 2298 Poesi
854 2241 886 2298 et
916 2234 955 2298 de
986 2235 1198 2297 Romanorum

130 2337 229 2405 Satira
249 2345 312 2418 2⁹).
355 2341 457 2407 Multo
480 2341 616 2406 melioris
639 2349 731 2406 notae
756 2341 833 2406 liber
856 2349 919 2418 est,
946 2360 1027 2426 quae
1052 2338 1200 2406 Coloniae

129 2449 257 2535 Agripp.
280 2449 422 2535 proximo
450 2473 531 2515 anno
555 2450 670 2536 prodiit
699 2451 920 2515 commentatio
949 2449 989 2512 de
1015 2448 1088 2515 Vita
1116 2446 1200 2511 sori·

106 2627 107 2630 ,
128 2559 253 2645 piisque
275 2557 417 2643 Menippi
444 2559 551 2644 Cynici
574 2566 606 2623 et
634 2557 672 2623 de
699 2556 798 2623 Satira
819 2559 864 2624 Μ.
885 2556 1022 2623 Terentii
1043 2556 1200 2633 Varronis,

200 2752 246 2809 26)
263 2752 290 2799 J.
308 2752 386 2813 Lips.
404 2754 507 2803 Eiectl.
525 2756 543 2804 l.
564 2755 599 2804 ll.
620 2767 645 2804 c.
666 2753 706 2805 18.
724 2757 821 2814 [Ante.
839 2754 916 2804 rats.
935 2755 992 2813 8.):
1011 2755 1200 2820 „Fragmenta

127 2833 300 2897 scriptorum
317 2840 441 2886 veterum
465 2838 528 2887 olim
552 2852 613 2889 cum
630 2838 733 2901 impetu
751 2844 780 2889 et
795 2841 893 2890 labore
915 2840 1036 2907 collegi,
1066 2852 1137 2902 quac
1157 2837 1200 2887 ‹li-

128 2918 282 2969 stiuxertm
308 2920 397 2971 classi
420 2922 592 2985 quadruplici
619 2925 777 2989 oratorum,
806 2924 1019 2988 historicorum,
1044 2926 1199 2988 poetarum,

129 3004 381 3056 miscellaneorum.
415 3006 493 3056 inter
508 3007 651 3057 miscellos
669 3008 847 3069 praecipua·
866 3011 1023 3059 Varronem
1039 3016 1199 3070 posueram,

128 3091 213 3151 acque
229 3090 298 3139 haec
313 3102 369 3140 non
386 3088 414 3139 in
430 3102 517 3142 meum
533 3092 623 3143 solum
639 3104 729 3157 usum,
745 3093 796 3144 secl
811 3093 949 3155 publicum
962 3093 1014 3152 (ci.
1024 3093 1093 3142 Var.
1105 3092 1198 3141 Lecti.

129 3174 148 3221 l.
168 3172 221 3236 lll,
247 3185 272 3221 c.
293 3172 340 3232 21)
366 3174 422 3235 nisi
446 3175 536 3224 visum
555 3175 639 3225 aliter
655 3165 747 3242 ἀφίλῳ
767 3176 875 3226 cuidem
894 3173 981 3245 φίλῳ,
1007 3175 1054 3236 qui
1071 3177 1199 3235 coeptum

128 3256 182 3306 boc
201 3268 281 3305 omne
298 3268 387 3306 menni
404 3258 527 3307 turbavit
543 3271 600 3307 non
614 3256 725 3320 fratrae,
744 3260 795 3307 sed
813 3256 889 3308 iurto
906 3256 989 3319 turpi.
1005 3282 1040 3293 -
1059 3254 1112 3304 Ille
1129 3255 1201 3305 enlm

128 3342 242 3402 praeter
259 3340 330 3389 elles
348 3341 461 3389 neuneu
478 3344 584 3401 partem
598 3341 817 3402 fragmentorum
834 3352 930 3389 eornm
947 3352 964 3389 e
980 3338 1061 3387 domo
1075 3349 1137 3388 met
1151 3338 1201 3388 al>-

128 3422 209 3474 stulit
228 3422 302 3471 mels
321 3426 350 3473 et
366 3423 462 3487 tagecl
479 3436 577 3475 manua
602 3422 719 3475 abstulit
740 3423 825 3477 ctiam
840 3435 897 3475 uns
914 3421 1033 3473 animum
1051 3421 1080 3473 in
1098 3425 1200 3487 coepto

129 3518 215 3569 opere
233 3504 399 3569 pergendi.“
413 3532 449 3546 -

198 3589 395 3648 21)Ιῐιιι1ιιιιι·.
415 3591 434 3639 i.
453 3591 472 3639 l.
488 3604 515 3652 p.
531 3592 573 3639 ³3.
591 3618 625 3628 -
644 3590 687 3641 cl.
705 3590 753 3643 Fr.
765 3589 864 3643 Douse
879 3591 908 3642 in
919 3586 1047 3643 Dedicat.
1059 3586 1198 3655 Fragmm.

129 3675 221 3725 Lucil.
239 3674 304 3734 (liri.
322 3674 444 3724 ilaverlr.
462 3670 493 3724 L.
512 3676 542 3724 ll.
561 3674 638 3725 rtra.
656 3677 706 3734 8.).

199 3761 245 3819 π)
265 3758 451 3819 fleverkamp.
469 3759 506 3808 ad
527 3759 645 3812 Tertull.
663 3760 785 3822 Apolog.
802 3759 851 3824 ix,
869 3772 897 3821 p.
916 3758 958 3808 81.
978 3760 1025 3818 (L.
1041 3760 1073 3808 ll.
1091 3757 1198 3817 mear

129 3843 231 3908 »011118
255 3842 362 3905 quidem
389 3847 445 3902 (sc.
472 3843 626 3903 Varronis)
651 3844 809 3907 tinguente
833 3842 998 3892 reconditae
1024 3839 1199 3904 antiquitatis

129 3927 223 3990 plena,
242 3927 386 3976 emendata
403 3929 542 3988 auctaque
558 3929 587 3976 et
601 3927 676 3977 notis
693 3928 846 3990 illustrata,
864 3924 979 3990 adjecto
997 3927 1115 3978 omniurn
1133 3934 1201 3974 rer·

131 4010 227 4061 bonurn
243 4010 437 4075 vocabulario,
453 4010 487 4059 sd
503 4010 651 4061 editionem
670 4012 802 4062 hebemus
816 4010 946 4072 ραι-ιω(
962 4034 997 4047 -

200 4094 246 4150 ²⁰)
269 4092 390 4143 casaub.
407 4096 426 4144 l.
445 4095 464 4142 1.
483 4094 518 4159 ll,
536 4107 561 4143 c.
577 4094 602 4143 8.
618 4108 643 4157 p.
663 4094 712 4145 189
728 4108 788 4158 sqq.
806 4096 851 4145 erl.
867 4095 964 4144 [lamb.
979 4118 1046 4225 -2
1093 4084 1095 4089 ’
