2934 4750
296 211 339 273 82
570 254 575 263 .
694 226 799 270 saror
823 225 959 270 runnu.

296 415 366 460 rum
387 394 420 458 u
443 391 586 457 aarum
605 391 768 477 primoum
789 400 892 478 putes
907 392 946 458 u
965 397 1091 458 aueum
1111 391 1156 456 iiii
1175 398 1248 457 sunt
1270 393 1363 458 atui-
1461 375 1462 431 l

297 504 390 569 butro
411 522 545 588 cumque
564 501 633 565 Diis
653 522 787 588 cumque
807 501 985 568 hominibus
1005 520 1127 567 summa
1148 501 1300 567 sermonis
1320 503 1363 567 li-

297 611 398 677 ceniia
429 632 465 675 ae
494 609 657 676 festivitate
684 610 901 677 contabulauti.
944 612 1010 678 Nec
1042 610 1148 694 lugere
1178 631 1363 698 quemquam

297 728 407 807 potest,
419 741 483 785 non
496 726 612 784 manere
626 727 689 784 tam
711 721 820 785 crebro
841 741 908 787 esse
920 719 1091 785 Lueianum
1111 740 1168 784 noc
1187 721 1317 805 proinde
1331 729 1363 787 ut

297 832 407 897 ceteris
423 849 555 917 persona
566 828 706 914 Menippi
723 850 824 895 usum.
867 829 961 896 Novit
979 829 1031 895 ille
1052 828 1145 915 hujus
1164 829 1268 907 libros,
1288 831 1364 915 qui-

297 940 356 1006 bus
375 948 412 1006 ut
432 940 491 1006 alia
513 939 646 1025 cujusvis
673 937 789 1004 ordinis
810 938 971 1004 hominum
995 938 1069 1004 vitia
1091 945 1185 1024 atque
1206 939 1364 1025 perversi-

296 1055 385 1128 tates,
406 1049 448 1114 ita
467 1047 723 1134 philosophorum
743 1048 875 1113 maxime
893 1048 1020 1114 ridicula
1042 1057 1073 1114 et
1095 1047 1205 1113 stolida
1225 1047 1364 1132 dogmata

296 1157 526 1244 perstrinxerat,
538 1157 649 1242 suique
659 1157 780 1223 dicendi
794 1158 924 1244 generis,
936 1157 1014 1223 acris
1029 1165 1062 1222 et
1074 1157 1173 1235 laceti,
1184 1177 1219 1222 ae
1233 1157 1363 1222 nominis

296 1267 424 1352 gloriam
446 1287 502 1352 per
523 1273 619 1331 totam
639 1287 737 1353 paone
759 1267 974 1352 antiquitatem
997 1275 1227 1353 propagaverat
1254 1266 1361 1352 Neque

296 1377 347 1442 illc
363 1377 448 1443 novit
461 1376 571 1455 solum,
584 1375 639 1442 sed
655 1378 748 1442 etiam
763 1376 900 1442 imitatus
912 1384 968 1442 est.
986 1375 1080 1454 Quod
1094 1377 1160 1463 ipse
1173 1375 1247 1441 satis
1261 1384 1364 1462 aperte

297 1485 410 1552 indicat
429 1487 462 1551 in
483 1486 613 1571 dialogo,
632 1487 682 1551 cui
702 1486 883 1572 inscriptum
903 1493 950 1551 est
965 1499 1029 1562 Δις
1044 1495 1364 1568 Κατηγοριύμενος

296 1604 569 1679 pascuarium,
601 1594 656 1659 ubi
683 1595 832 1680 Dialogus
862 1595 1042 1681 dignitatem
1073 1604 1160 1660 suam
1189 1594 1363 1659 aLuciano

297 1703 487 1768 deminutam
508 1723 575 1767 esse
596 1703 738 1789 queritur
757 1704 814 1768 sic:
834 1749 888 1786 „-
904 1750 928 1762 -
949 1717 997 1772 καὶ
1014 1717 1047 1773 τὸ
1065 1695 1116 1786 μὲν
1131 1714 1264 1787 τραγικὸν
1278 1714 1364 1772 ἐκεῖνο

296 1810 344 1864 καὶ
368 1807 546 1879 σωφρονικὸν
566 1815 743 1879 προσωπεῖον
765 1807 863 1881 ἀφεῖλέ
878 1830 949 1881 μον,
972 1807 1098 1879 κωμικὸν
1117 1806 1149 1864 ci
1166 1805 1232 1864 ἄλλο
1249 1809 1298 1863 καλ
1316 1826 1365 1863 σα-

298 1899 416 1969 τνρικὸν
431 1899 553 1971 ἐπέθηκέ
568 1920 617 1970 μοι
634 1903 683 1957 καλ
698 1905 801 1972 μικροῦ
818 1905 878 1958 δεῖν
895 1907 1009 1972 γελοῖον.
1033 1894 1113 1956 Ἐιτα
1128 1921 1177 1972 μοι
1193 1898 1222 1963 ἐς
1239 1900 1272 1954 τὸ
1291 1899 1364 1956 αὐτὸ

297 1992 392 2062 φέρων
410 1993 592 2064 σογκαθεῐρξὲ
607 2013 656 2063 μοι
673 1994 711 2050 τὸ
731 1998 874 2065 σκῶμμα
890 1994 937 2050 καλ
954 1993 1019 2049 τὰν
1034 1993 1164 2065 ἴαμβον
1181 1991 1236 2047 καλ
1249 2010 1364 2047 suvic-

296 2084 378 2154 μόν,
395 2085 443 2139 καὶ
460 2084 518 2139 τὸν
538 2082 693 2141 Εὔπολιν
710 2088 759 2142 ιιαλ
776 2087 838 2143 τὸν
855 2085 1111 2157 Ἀριστοφάνην,
1129 2084 1239 2148 δεινοὺς
1258 2079 1365 2154 ἄνδρας

297 2173 511 2247 ἐπικερτομῆσαι
532 2178 567 2233 τὰ
586 2178 671 2246 σεμνὰ
693 2181 741 2235 καλ
759 2177 947 2249 glauciscus&
965 2179 1055 2241 καλῶς
1074 2176 1181 2247 ἔχοντα·
1208 2181 1364 2231 τελευταῖον

296 2266 326 2324 dl
342 2268 401 2323 καλ
417 2268 604 2326 Μένιππόν
621 2292 699 2326 τινα
716 2273 773 2327 τῶν
790 2272 919 2325 παλαιῶν
935 2272 1027 2324 κανῶν
1041 2268 1117 2337 μάλα
1133 2264 1302 2337 ὑλακτικόν,
1326 2263 1363 2330 oie

296 2361 387 2428 δοκεῖ,
414 2361 460 2416 καλ
482 2361 625 2434 κάρχαρον
643 2363 784 2435 α’νόρνξας
800 2363 847 2419 καὶ
864 2365 968 2419 τοῦτον
988 2358 1151 2431 ἕπεισήγαγέ
1167 2380 1217 2430 μοι
1241 2360 1364 2434 φοβερόν

294 2472 358 2507 τινα
378 2448 418 2517 co‘s
438 2452 586 2525 ἀληθῶς
607 2456 693 2513 κύνα
720 2456 780 2512 καλ
801 2455 841 2512 τὸ
866 2459 980 2527 δῆγμα
999 2458 1192 2525 λαθραῖον,
1216 2450 1287 2527 dep
1308 2454 1363 2508 καλ

294 2558 397 2630 γελῶν
419 2559 488 2631 ἅμα
511 2562 651 2620 ἔσαινεν*
671 2570 728 2631 ¹2).
774 2551 854 2630 Quis
875 2557 937 2629 est,
965 2550 1019 2636 qui
1036 2550 1161 2636 quando
1186 2548 1265 2650 haec
1281 2547 1363 2633 legit,

295 2676 359 2719 non
379 2656 544 2741 intelligat,
565 2660 757 2746 apertissimo
783 2660 947 2745 significari
972 2676 1187 2744 ικοοοογειοῖον
1206 2657 1283 2723 illud
1301 2679 1363 2743 ge-

295 2782 369 2839 nus,
404 2784 467 2849 quo
495 2766 594 2830 clarus
620 2769 788 2854 Menippus
815 2768 888 2847 iuit,
923 2770 1015 2856 idque
1043 2770 1081 2835 ab
1115 2769 1174 2835 hoc
1211 2767 1363 2855 recepisse

295 2870 466 2936 Lueianum
489 2880 520 2937 et
542 2881 689 2961 tanquam
716 2876 765 2941 sui
786 2875 865 2962 juris
891 2877 998 2945 iecisse
1023 2879 1191 2963 aDialogo
1213 2876 1364 2943 aiiimari‘?

363 3086 409 3146 ²²)
431 3087 549 3138 Luciau.
573 3088 622 3139 Dis
643 3092 748 3140 Aecus.
765 3092 807 3143 33.
830 3118 862 3130 -
884 3096 972 3145 Recte
992 3095 1192 3159 interpretatus
1215 3098 1261 3144 est
1277 3095 1365 3145 verbs

292 3170 340 3221 Dr.
358 3173 423 3234 hey
444 3172 473 3223 iu
496 3172 648 3225 comment.
675 3176 730 3238 „de
755 3176 815 3227 viis
835 3178 1006 3242 scriptisque
1025 3180 1147 3243 Menippi
1164 3179 1265 3242 cynici
1282 3182 1312 3227 et
1330 3179 1364 3227 de

292 3255 381 3306 sotira
403 3259 441 3306 iii.
468 3258 594 3310 Terentii
620 3260 760 3312 Varronis
788 3262 966 3325 Μοιίρροκέι
997 3262 1097 3313 Goion.
1116 3264 1193 3314 rsit.
1219 3262 1245 3312 i.
1275 3275 1304 3324 p.
1329 3262 1363 3311 8:

292 3339 471 3400 „verbosior
488 3343 594 3405 quidem
611 3343 724 3394 videtur
737 3344 827 3395 scrisse
842 3347 995 3413 Dialogus,
1013 3349 1062 3397 sed
1080 3349 1167 3398 verbs
1184 3350 1262 3397 certe
1279 3346 1365 3396 aliter

291 3420 472 3483 interpretari
490 3438 546 3475 non
565 3438 725 3492 possumus,
742 3428 807 3492 uisi,
823 3432 855 3479 ut
871 3431 1005 3481 Horatius
1020 3432 1098 3483 viros
1116 3432 1229 3495 priscae
1246 3442 1364 3480 comoe-

291 3503 354 3554 diae
370 3506 508 3557 Lucilium
525 3512 652 3559 secutum
670 3522 738 3560 esse
756 3512 836 3577 dicit,
867 3514 911 3564 sic
935 3516 1047 3565 eosden
1071 3517 1124 3566 iroc
1142 3518 1209 3566 loco
1228 3514 1285 3565 dici
1303 3517 1366 3565 Lu-

288 3583 400 3642 eianum
424 3590 556 3644 imitatum
583 3605 659 3642 esse.
696 3596 776 3654 erod
800 3602 892 3648 autem
915 3612 977 3650 cuna
999 3601 1201 3651 coacervatione
1222 3599 1364 3662 Dialogus

289 3671 389 3737 alieri,
411 3674 565 3727 Ducianum
581 3677 635 3728 sibi
648 3677 809 3742 ingessisse
825 3675 858 3731 τὸ
879 3681 996 3747 σκῶμμα
1018 3679 1066 3732 καλ
1086 3678 1221 3749 κυνισμὸν
1242 3678 1290 3734 καλ
1312 3678 1366 3733 τὸν

290 3747 489 3809 Εὔπολιν
509 3762 668 3812 τελευταῖον
690 3757 974 3831 uznoimiam,
993 3767 1090 3818 eosic
1106 3768 1279 3831 distingues,
1303 3770 1366 3818 Ln-

290 3840 400 3892 cienum
417 3854 453 3891 ex
470 3842 516 3911 iis,
532 3845 579 3908 qui
595 3839 627 3897 td
646 3841 771 3911 κωμικὸν
789 3842 837 3897 καλ
852 3843 885 3898 τὸ
902 3848 1019 3915 σκῶμμα
1036 3852 1180 3917 docerent,
1196 3851 1365 3913 Eupolidem

289 3927 318 3975 et
334 3925 547 4039 Ap‘isiophanem
570 3930 623 3981 sibi
642 3931 829 3994 proposuisse
854 3931 1017 3998 imitandos,
1046 3935 1076 3984 in
1101 3935 1236 3998 cynismo
1252 3936 1366 3997 Menip-

287 4022 360 4070 ΡΜ·
396 4036 431 4049 ··
874 4057 876 4059 -
