2934 4750
286 243 329 304 42
668 259 772 302 csror
797 258 974 303 recussus.

372 425 468 492 Sccus
498 425 537 490 ab
568 423 617 489 bis
646 432 678 488 et
703 425 818 492 rectius
853 425 996 490 l'oeorror
1022 423 1077 502 (de
1099 426 1206 510 Epigr.
1232 447 1258 491 c.
1284 428 1358 505 lu),

287 537 426 603 Rabirius
445 536 492 615 (in
503 535 599 603 Notit
610 542 692 620 poet
701 532 828 599 Antbol.
849 555 878 620 p.
897 533 987 611 Μ),
1008 541 1040 598 et
1051 533 1357 615 Socios(0nomast

288 647 330 712 lit.
347 648 371 723 1,
388 667 418 732 p.
437 644 523 722 142),
534 643 711 730 judicarunt
727 643 920 728 Meleagrum
936 643 1097 729 aequalem
1115 645 1211 711 fruere
1226 645 1356 713 Seleuco
1465 734 1466 737 Ἴ

287 757 344 833 Vl,
372 755 438 840 regi
464 753 569 840 Syriae
595 753 720 830 ultimo,
749 773 842 838 quem
865 751 916 818 Ol.
938 753 1061 821 clxx
1087 754 1117 819 3.
1143 763 1267 820 nactum
1288 777 1356 822 esse
1465 838 1466 853 χ

288 865 451 952 imperium
473 870 605 928 constat:
628 862 743 928 scilicet
762 861 859 928 secuti
880 861 1031 928 scholium
1051 862 1127 929 God.
1145 865 1251 943 Vatia,
1271 867 1355 951 quod
1465 930 1466 967 ,

288 983 331 1061 (p.
353 973 410 1053 82)
432 973 507 1038 baec
529 972 640 1038 adlert:
663 983 855 1054 ‚scuppla
873 978 910 1056 ἦν
928 978 983 1050 (sc.
1000 972 1182 1058 Meleager),
1198 983 1237 1050 ea
1249 985 1280 1042 ἐν
1296 994 1356 1052 τοῖς

287 1079 447 1150 ἔμπροσθεν
464 1074 552 1143 αὐτὸς
568 1078 671 1134 ἑαυτοῦ
690 1075 904 1147 ἐμνημόνευσεν·
933 1074 1086 1148 ἤκμασεν
1104 1077 1160 1134 ἐπὶ
1182 1078 1356 1135 Σελεύκου

286 1191 347 1243 τοῦ
371 1185 563 1266 §aganone
591 1173 687 1261 Cujus
707 1171 815 1238 sebolii
835 1171 910 1236 lides
929 1172 1088 1258 explorata
1109 1181 1191 1239 esta
1211 1173 1354 1240 Jacobsio

286 1285 318 1347 in
334 1283 507 1368 Prolegom.
527 1282 565 1348 ad
583 1283 709 1348 Anthol.
731 1281 785 1349 Gr.
802 1290 876 1347 tom.
892 1281 946 1359 vl,
961 1302 991 1367 p.
1004 1281 1155 1348 XXXIX
1175 1283 1233 1348 ita:
1250 1285 1354 1362 „luter
1466 1333 1467 1336 ,

284 1393 433 1478 Meleagri
453 1393 683 1479 Epigrammata
709 1413 808 1470 unum
835 1398 882 1456 est
905 1389 1015 1476 (epigr.
1040 1391 1116 1470 ua)
1140 1391 1173 1456 in
1199 1393 1353 1479 Antipatri

286 1501 404 1568 Sidonii
424 1503 589 1581 tumulum,
609 1523 702 1590 quem
724 1510 857 1568 aetatem
875 1499 1210 1586 aequandorum
1229 1501 1353 1588 produ-

283 1612 365 1676 xisse
393 1611 571 1677 certissimis
599 1611 719 1677 indiciis
746 1618 867 1676 constat
893 1615 937 1688 ⁴).
980 1610 1136 1676 Tenemus
1163 1610 1261 1697 igitur
1285 1610 1352 1689 boe,

283 1719 475 1805 Meleagrum
493 1721 632 1787 lloruisse
650 1728 719 1808 post
738 1719 898 1786 01.ch
943 1720 1024 1784 Tum
1044 1739 1117 1785 vcro
1135 1720 1270 1805 primum
1287 1721 1352 1808 ejus
1466 1737 1467 1740 ’

283 1835 415 1894 aetatem
436 1830 475 1895 ab
497 1830 652 1916 Antipatri
675 1830 791 1896 Sidonii
819 1827 1010 1916 temporibus
1037 1849 1101 1893 non
1126 1828 1214 1894 valde
1239 1849 1352 1895 remo-
1466 1879 1467 1912 3

283 1946 346 2003 tam
367 1938 461 2006 luisse
481 1940 606 2024 colligas
627 1962 666 2006 ex
686 1940 835 2025 Meleagri
858 1938 1032 2026 prooemio,
1060 1945 1101 2017 (e.
1116 1937 1173 2016 42)
1192 1937 1247 2004 ubi
1267 1938 1352 2006 illius

283 2056 393 2135 poetae
413 2050 548 2114 carmina
570 2048 618 2115 his
640 2050 743 2116 serbis
765 2048 1017 2133 circumscripsit:
1043 2057 1216 2130 ,ροικισσάν
1232 2080 1261 2116 τε
1284 2060 1353 2118 νέαν

282 2171 389 2240 κύπρον
407 2167 449 2228 ἐπ’
466 2167 646 2244 Ἀντιπάτρου
653 2179 680 2208 ·“
706 2170 774 2227 νέαν
791 2170 899 2241 κύπρον
920 2157 1055 2242 appellat
1075 2156 1290 2241 Antipatrum,
1316 2167 1352 2224 ul

282 2274 437 2332 recentem
458 2276 591 2354 poetam.
633 2268 684 2335 Aa
704 2267 763 2334 boc
784 2272 1001 2351 argumentum
1019 2265 1103 2330 aliud
1122 2265 1249 2344 secedit,
1267 2267 1350 2352 quod

282 2378 421 2463 quamvis
447 2379 537 2465 longe
559 2379 706 2466 petitum,
740 2377 814 2443 satis
839 2383 944 2442 tamen
968 2376 1113 2462 ponderis
1137 2382 1170 2441 et
1194 2376 1350 2461 gravitatis

281 2486 382 2553 habet.
424 2488 573 2574 Meleagri
596 2488 628 2553 in
650 2486 878 2574 epigrammatis
899 2486 1078 2571 colligendis
1097 2485 1225 2571 vestigia
1253 2508 1349 2553 sccu-

280 2604 330 2663 tus
350 2605 397 2663 est
418 2596 581 2685 Philippus
598 2596 893 2674 Thessalonicensis,
919 2603 956 2661 ut
982 2596 1047 2682 ipse
1068 2594 1182 2661 latetur
1200 2594 1306 2681 Epigr.
1328 2598 1349 2660 l.
1465 2613 1466 2680 p

281 2712 354 2769 tom.
371 2707 411 2782 Π,
430 2727 459 2791 p.
480 2708 553 2771 211.
594 2708 626 2771 Is
646 2706 751 2772 seculo
773 2728 802 2792 p.
821 2706 893 2773 Chr.
912 2728 942 2771 n.
962 2704 1072 2790 primo,
1094 2712 1126 2770 el
1146 2704 1273 2791 quidem
1292 2706 1349 2771 sub
1465 2751 1466 2756 κ

281 2812 375 2877 seculi
393 2812 520 2892 exitum,
537 2836 681 2881 coronam
700 2816 859 2882 contexuit
876 2836 915 2880 er
932 2814 1032 2900 poetis
1055 2822 1226 2898 ὁκκοιὲροις,
1244 2814 1275 2879 id
1295 2824 1349 2891 est,

280 2929 316 2987 ut
342 2928 504 2987 contextus
532 2922 635 3003 docet,
669 2924 721 3003 iis,
751 2924 805 3011 qui
835 2931 907 3011 post
931 2922 1125 3008 Meleagrum
1152 2923 1349 3009 scripserunt.

279 3031 365 3096 Inter
384 3028 441 3095 bos
460 3031 677 3099 Philodemum
701 3041 841 3099 recenset
861 3040 984 3120 poetam
1004 3033 1036 3098 in
1057 3033 1117 3098 boc
1135 3032 1348 3119 epigramma-

279 3146 345 3205 tum
369 3162 481 3227 genere
509 3143 599 3228 longe
624 3142 874 3220 celeberrimum,
906 3141 1125 3208 Gadarensem.
1166 3143 1258 3206 Hunc
1279 3141 1348 3207 llo·
1465 3187 1466 3192 κ

278 3251 376 3317 ruisse
396 3252 475 3318 eirca
496 3252 546 3319 Ol.
566 3252 720 3319 clxxx.
743 3252 816 3318 satis
838 3257 966 3317 constat
1007 3251 1077 3316 Jam
1098 3250 1170 3316 bine
1190 3248 1348 3335 intelligi-

278 3366 345 3437 tur,
375 3360 440 3446 ejus
469 3363 501 3426 in
526 3362 675 3446 Meleagri
703 3382 817 3427 corona
842 3360 978 3425 carmina
1003 3358 1089 3425 nulla
1117 3358 1219 3424 luisse.
1263 3359 1348 3426 Num

278 3487 352 3533 vero
368 3467 561 3553 Meleagmm
582 3466 665 3533 bunc
683 3469 784 3536 voum
803 3470 960 3555 ignorasse
976 3469 1144 3554 putemus?
1173 3466 1246 3534 Non
1264 3488 1347 3553 pro-

278 3575 389 3654 babile,
406 3576 502 3642 civem
523 3574 678 3658 nimirum,
698 3600 833 3665 eumque
852 3578 884 3644 in
907 3576 961 3643 illo
982 3598 1104 3665 genere,
1122 3575 1172 3642 cui
1191 3575 1349 3661 Meleager

277 3685 441 3771 praecipue
458 3684 609 3765 studebat,
628 3686 718 3774 longe
737 3686 971 3754 nobilissimum.
1013 3687 1127 3756 Nonne
1144 3683 1217 3750 binc
1233 3683 1348 3771 seqrri-

345 3887 376 3946 ⁴)
395 3882 521 3939 Corinthi
537 3888 609 3941 enirn
624 3890 762 3943 excidium
780 3896 811 3942 ut
827 3903 925 3943 amun
940 3893 1084 3943 recentem
1100 3890 1236 3943 meumst
1253 3899 1280 3937 c.
1294 3887 1347 3951 au,

277 3973 358 4025 etex
375 3970 441 4022 loco
460 3970 552 4025 Oioer.
569 3974 605 4024 rle
623 3974 701 4025 orat.
715 3977 737 4025 1.
754 3977 811 4041 ΙΙΙ,
828 3989 853 4027 e.
870 3976 915 4027 Μ).
932 3974 1116 4041 intelligitur,
1133 3986 1196 4027 om
1210 3973 1264 4033 tiu·
1282 3974 1347 4023 hut.

277 4055 379 4110 Catulo
396 4056 456 4109 scre
474 4059 618 4121 aequalem
635 4058 735 4111 tuisse.
