2934 4750
439 309 478 350 ns
501 305 630 352 erran
652 305 785 349 usnam
804 304 898 348 surr.
1158 287 1203 348 Β

133 482 197 551 tur,
223 493 294 538 eum
317 471 491 538 Plrilcdemi
515 471 622 537 uorem
647 491 710 536 nen
729 468 856 547 vidisse,
882 475 920 534 ut
938 469 1039 534 mutu
1050 468 1203 554 jrmiorist

133 583 248 648 Verum
267 590 315 648 est
333 582 445 667 igitur,
474 581 559 668 quod
579 580 729 647 scholium
756 578 906 656 affirmat,
929 579 1124 664 Meleagrum
1143 582 1203 646 nm

132 691 241 758 ultimo
271 691 472 758 Seleucomm
501 691 623 758 vixisse.
678 691 709 754 Is
737 689 822 754 enim
855 707 985 774 regnem
1020 689 1123 775 caepit
1152 688 1203 756 01.

134 801 256 879 CLXX,
276 801 315 879 3.,
336 822 399 888 quc
422 809 564 888 tempure
584 801 749 887 Antipater
769 799 932 866 amaa·
951 805 1028 876 erat,
1048 798 1203 865 Philode-

133 929 202 978 mus
224 911 362 976 nondum
384 910 541 976 llcnehat“

218 1007 292 1086 Jam'
307 1039 381 1086 veru
403 1020 549 1106 quoniam
570 1041 652 1086 nunc
673 1019 712 1085 dc
731 1020 890 1104 Meleagro
910 1029 1045 1099 constet,
1067 1020 1106 1086 de
1124 1021 1203 1088 Me-

134 1130 219 1216 nippi
246 1135 348 1195 aetate
374 1137 509 1196 statuere
539 1151 603 1195 non
634 1127 724 1194 valde
751 1129 873 1194 (lillicile
892 1129 961 1195 erit
1003 1129 1205 1196 Meminimus

135 1240 235 1305 locum
271 1261 336 1305 uos
375 1240 476 1326 legere
517 1241 548 1306 iu
585 1239 723 1306 carmine
757 1238 908 1322 Meleagri
943 1237 1080 1324 maedam
1112 1257 1206 1322 supr·

135 1351 249 1428 adlato,
275 1352 308 1415 ln
333 1369 398 1437 quo
422 1369 489 1414 sese
512 1365 631 1434 „aegritu
654 1363 847 1423 Mcvrxmlucc
868 1357 1057 1430 sermulcinus
1077 1357 1206 1430 potensest

136 1459 200 1546 ipse
235 1469 327 1546 pecta
355 1460 514 1545 gloriatur.
563 1457 653 1537 Quae
682 1457 776 1524 rerba
802 1464 886 1522 recte
914 1455 1135 1540 'mterpretatus
1160 1461 1208 1520 ert

134 1571 247 1636 Munsu
272 1568 329 1633 sic:
363 1572 562 1656 „precemque
587 1567 705 1633 obviem
726 1569 825 1653 [adue
841 1589 908 1632 cum
927 1566 1098 1653 Menippeis
1115 1564 1207 1632 Gra-

135 1681 202 1756 tiu,
231 1679 280 1744 vel
308 1680 422 1744 actaea
448 1700 495 1744 me
520 1679 560 1743 ia
584 1677 730 1762 fiduci,
763 1675 842 1742 he.
861 1679 999 1763 mmai,
1029 1676 1208 1766 Memppm

135 1801 260 1868 secretus,
279 1787 391 1854 salitus
411 1800 439 1854 et
454 1789 569 1875 [micas
588 1787 776 1854 amnonius
791 1803 914 1874 operum
933 1788 1022 1854 dedu
1037 1793 1081 1865 ⁶).
1107 1787 1208 1854 Aliter

136 1901 175 1979 Q.
189 1900 357 1986 Septimius
370 1899 499 1963 Flerens
511 1896 714 1973 Christianus,
730 1897 785 1982 qui
802 1919 840 1963 ea
857 1898 951 1964 verba
973 1896 1079 1965 vertit:
1097 1919 1207 1975 ‚mme-

137 2009 375 2098 queMcm'ppecs
393 2008 527 2074 cenulae
544 2017 608 2073 arte
627 2007 721 2071 saue
741 2012 783 2085 6).
817 2021 1011 2093 mauzaca
1029 2007 1113 2072 enim
1128 2028 1207 2074 rer-

136 2119 219 2197 bum,
238 2117 322 2206 quod
343 2118 515 2205 Hesychius
535 2109 566 2181 ct
588 2113 697 2181 Suidas
717 2135 774 2200 per
789 2132 962 2201 καταντῆσαι
980 2116 1142 2202 explicant,
1159 2115 1209 2182 hic

137 2229 261 2314 quidem
283 2235 385 2314 potest
400 2236 570 2311 utrumque
588 2224 761 2309 significare
784 2232 815 2289 et
834 2226 952 2289 cletum
962 2226 1034 2311 fieri
1049 2233 1082 2290 et
1098 2247 1210 2290 aenu-

136 2339 199 2403 luri
215 2336 265 2402 vel
286 2337 378 2423 sequi.
422 2334 483 2401 Sed
500 2339 670 2399 statuamus
685 2339 794 2398 utrum
813 2330 873 2396 hoe
889 2351 929 2397 nn
949 2332 1035 2411 illud,
1050 2331 1082 2397 id
1102 2332 1209 2399 saltem

137 2468 176 2511 ex
199 2444 302 2512 verbis
322 2440 389 2508 istis
410 2440 510 2509 lucide
533 2440 707 2527 apparebit,
729 2439 913 2525 Menippum
933 2460 971 2505 eo
990 2449 1130 2529 tempure
1146 2443 1210 2530 jam

138 2554 296 2632 floruisse,
326 2572 389 2639 quo
413 2551 547 2617 scribere
565 2551 724 2634 Meleager
748 2556 780 2614 et
804 2549 900 2616 libros
923 2551 1056 2617 condere
1075 2552 1210 2639 primum

137 2664 304 2750 inceperit:
340 2661 372 2726 id
395 2659 479 2747 quod
505 2659 571 2725 lere
594 2660 777 2745 intelligitur
802 2660 896 2725 etiam
923 2682 963 2726 ex
984 2662 1212 2748 epigrammatis

138 2770 267 2839 Anthol.
294 2770 376 2835 inter
401 2784 502 2843 ἄδεσπ.
525 2770 598 2835 572.
623 2768 684 2835 lllls
709 2769 811 2835 verbis
832 2786 971 2856 „Maricas
990 2784 1155 2858 Μελέαγρον
1176 2818 1211 2829 ..

140 2896 334 2957 Μενιππείαις
350 2889 490 2965 ἡγλάϊσαν
505 2892 636 2964 χάρισιν*
653 2884 702 2959 ⁷),
736 2879 851 2967 quippe
873 2902 970 2967 quum
992 2882 1025 2947 ln
1048 2882 1142 2969 plano
1162 2882 1211 2961 sil,

139 2992 234 3077 prius,
251 3011 346 3077 quam
368 2988 494 3055 Gratiae
512 2974 699 3077 Menippeas
721 2990 930 3069 inclaruerint,
949 2990 987 3056 iis
1005 2991 1110 3057 ornari
1131 2991 1211 3058 Me·-

143 3101 281 3187 leagrum
303 3118 499 3185 nequaquam
521 3100 666 3185 potuisse.

227 3210 317 3288 Quae
346 3228 443 3294 quum
472 3207 516 3271 ita
545 3208 622 3286 sint,
654 3227 814 3295 quumque
843 3208 1044 3295 aequalem
1071 3207 1212 3293 Menippi

139 3320 334 3402 Meleagrum
355 3316 449 3381 luisse
469 3314 625 3399 Diogenes
644 3316 787 3381 Laertius
805 3316 825 3380 l.
847 3316 866 3379 l.
885 3315 1033 3392 allirmet,
1057 3312 1213 3401 reliquum

138 3434 199 3505 est,
213 3432 251 3491 ut
269 3445 308 3490 ex
327 3422 377 3488 his
394 3422 579 3489 testimoniis
597 3432 667 3510 apte
689 3423 771 3489 inter
786 3444 852 3490 sese
869 3422 1038 3489 canerliatis
1058 3424 1213 3511 probahi-

140 3538 203 3602 lem
220 3534 354 3621 aliquam
369 3531 522 3599 rationem
537 3554 690 3600 eruamus.
712 3534 797 3599 Haec
815 3554 889 3600 vera
907 3532 1131 3622 simplicissima
1146 3536 1215 3602 erit

140 3646 222 3713 Nam
247 3665 345 3731 quum
371 3643 522 3730 Meleagri
546 3644 661 3731 poesis,
691 3651 728 3711 ut
758 3642 873 3711 indicat
897 3643 993 3711 schol.
1021 3646 1214 3722 Vaticanum,

143 3754 202 3821 sul>
213 3752 343 3820 Seleuco
360 3753 413 3833 vl,
427 3774 500 3839 rege
515 3752 620 3840 syrim
638 3753 760 3832 ultimo,
778 3752 886 3820 llcruit
904 3760 1067 3837 (ἤκμασαν),
1083 3755 1111 3819 si
1126 3753 1214 3819 illum

131 4012 134 4021 ‚
214 3942 243 3997 ι)
257 3938 290 3989 ln
306 3939 434 4003 rellqulls
450 3938 590 4005 meleagri
607 3954 633 4004 p.
650 3940 710 3991 1³7.
745 3940 823 4000 (Jen.
841 3940 934 4000 tres.)

215 4026 243 4081 ὓ)
255 4024 335 4086 Apud
346 4024 451 4076 orecte
463 4024 493 4075 ln
507 4025 551 4075 et.
565 4024 703 4087 Meleagri
714 4024 785 4075 oet.
795 4024 892 4089 Epigr.
905 4038 931 4088 p.
943 4025 1004 4076 m.
1018 4021 1111 4084 (tales.
1122 4018 1214 4077 1811.)

216 4109 245 4166 ⁷)
263 4107 298 4158 V.
317 4120 404 4173 supra
419 4107 594 4172 ln'prcxlmc
612 4107 713 4169 cupite.
