2934 4750
401 329 441 373 na
466 328 676 374 cunuaerana
700 327 919 376 vaxaonrauo.
971 315 975 324 '
1163 315 1207 378 ts

136 494 309 561 comoediae
324 495 445 561 Altinae
464 496 642 582 scriptores:
668 497 748 563 sieut
765 495 990 583 Aristophanes
1011 499 1041 562 in
1063 499 1205 566 Nubibus

136 603 389 691 pbilosophorum
407 605 677 692 sophisma-umque
696 606 880 672 subtilitates
903 606 1126 694 metaphysicis
1144 610 1203 676 sub

135 714 276 793 δοοεσλίε,
295 714 485 800 integerrimi
502 715 570 793 viri,
594 736 725 801 persona
748 715 930 783 deridendus
951 717 984 782 in
1007 737 1098 783 εοεαε
1120 739 1203 804 pro-

133 825 244 910 posuit,
263 832 295 889 et
315 825 348 889 in
366 824 585 891 Eeelesiazusis
595 825 733 890 Platonis
751 826 897 892 nonnulla
916 826 947 891 in
969 826 1056 892 libris
1076 827 1114 894 de
1131 830 1203 896 lle-

133 934 254 1018 publiea
273 934 399 1019 placita,
424 955 504 1019 quae
526 943 599 1002 sunt
620 934 658 999 de
680 935 849 1012 benorum,
877 934 977 1020 deque
1000 957 1133 1004 uxorum
1157 941 1203 1006 li-

132 1043 343 1128 berorumque
359 1044 530 1122 eonsortio,
560 1044 657 1110 laeete
682 1052 715 1110 et
737 1045 911 1131 petulanter
930 1045 1067 1112 traduxit
1088 1053 1137 1126 Ξ);
1171 1059 1204 1116 et

130 1153 264 1219 aliorum
286 1152 540 1239 pbilosophorum
560 1161 723 1241 praecepta
743 1153 795 1218 alii
815 1160 925 1239 poetae
947 1155 1204 1238 perstrinxerunt.

130 1262 358 1329 Nihilominus
378 1273 483 1330 tamen
500 1285 619 1345 uereor,
638 1272 675 1332 ut
694 1264 807 1330 horum
830 1260 967 1327 studium
989 1269 1021 1326 el
1041 1265 1203 1334 eonsilium

131 1381 214 1440 reete
241 1374 414 1462 comparari
437 1383 531 1460 queat
555 1397 627 1441 eum
653 1395 692 1440 eo
713 1392 844 1459 genere,
878 1369 961 1456 quod
982 1371 1150 1459 Menippus
1171 1377 1204 1442 in

130 1483 195 1550 suis
214 1485 376 1572 expressit
419 1484 509 1552 Nulla
530 1484 666 1550 enimin
688 1483 749 1548 illis
767 1481 853 1559 fides,
876 1481 960 1547 nrdla
981 1481 1102 1562 veritas,
1121 1486 1205 1554 nulla

126 1591 265 1677 justitia:
285 1592 379 1658 modo
398 1593 494 1659 risum
512 1603 544 1659 et
561 1595 703 1680 plausum
724 1591 783 1658 sibi
803 1591 928 1668 olerent,
950 1591 1031 1656 bene
1050 1596 1149 1661 securi
1166 1597 1204 1662 de

127 1701 293 1786 dignitate,
312 1701 434 1787 quidvis
453 1702 492 1767 de
515 1703 624 1790 quouis
645 1701 855 1770 admittebant.
900 1698 984 1780 Quid
1007 1702 1089 1768 enim
1114 1708 1203 1773 veri-

127 1819 179 1876 tas
207 1810 247 1875 ed
273 1810 439 1898 populum,
473 1813 527 1898 qui
555 1811 698 1879 delectari
725 1811 792 1878 vult
825 1831 888 1875 non
914 1811 1051 1878 erudiri?
1094 1814 1203 1896 Aliter,

128 2010 261 2080 θρῶπιον
280 2011 353 2068 lutei
379 2015 511 2086 δραχμῶν
530 2016 558 2080 ἐς
581 2018 631 2074 τὸν
649 2017 748 2088 υίγῶνα
764 2015 985 2088 μεμισθωμένον,
1024 2022 1155 2076 Τοιούτοι
1172 2019 1203 2076 δὲ

130 2091 225 2164 ὄντες,
243 2095 404 2165 ἀνθρώπων
421 2096 472 2169 μέν
491 2099 627 2157 οίποίντων
644 2106 873 2172 καταφρονοῦσι,
894 2103 957 2172 περὶ
974 2103 1052 2156 θεῶν
1069 2102 1099 2160 δέ
1119 2101 1202 2160 α’λλό·

129 2199 201 2233 κοτα
222 2179 424 2251 διεξέρχονται,
454 2187 502 2240 καὶ
525 2186 692 2256 συνάγοντες
716 2184 913 2255 εὐεξαπάτητα
931 2187 1077 2256 μειροίκια,
1105 2188 1156 2258 τήν
1175 2209 1203 2244 τε

130 2265 361 2336 πολυθρύλλητον
378 2262 485 2338 αἱρετὴν
501 2271 688 2342 τραγῳδοῦσι,
704 2269 752 2322 καί
770 2270 821 2331 τὰς
839 2272 895 2323 τῶν
913 2269 1003 2338 λόγων
1020 2266 1142 2339 οἶπορίας
1161 2269 1204 2326 ἐκ·
1286 2341 1291 2350 ι

130 2347 309 2404 διδάσκουσι·
334 2349 471 2419 καὶπρὸς
489 2350 540 2421 μὲν
560 2349 628 2416 τούς
649 2349 784 2421 μαθητὰς
802 2354 952 2423 καρτερίαν
970 2348 1014 2407 niel
1030 2352 1077 2407 καί
1095 2370 1204 2425 σῶφρο-

130 2432 219 2502 σύνην
236 2427 404 2502 οίπαινούσι,
427 2435 475 2488 καλ
492 2435 615 2489 πλούτου
639 2435 688 2489 καὶ
710 2430 818 2505 ἡδονὴς
836 2435 1047 2504 καταπτύουσι,
1068 2436 1157 2505 μόνον
1174 2438 1204 2493 δὲ

129 2517 179 2572 καὶ
200 2512 269 2571 καθ’
293 2516 413 2580 ἑαυτούς
438 2511 599 2587 γενόμενοι,
628 2520 656 2573 τί
678 2514 714 2573 ἄν
735 2514 809 2587 λόγοι
826 2538 882 2587 τις,
911 2516 964 2575 όοα
982 2540 1033 2589 μεν
1052 2520 1203 2591 ἐσθίουσιν,

131 2598 188 2657 ὅσα
205 2599 237 2657 δέ
256 2600 518 2671 όφροδισιιίζουσιν,
536 2600 616 2664 ὅπως
632 2600 663 2657 δέ
685 2603 870 2671 περιλείχουσι
888 2599 945 2657 τῶν
962 2604 1072 2677 ὀβολῶν
1088 2605 1139 2661 τόν
1156 2607 1205 2678 dai-

131 2706 203 2750 τους
227 2685 260 2741 τὸ
278 2683 310 2740 δέ
327 2684 443 2741 πάντων
458 2685 638 2754 δεινότατον,
655 2684 701 2741 ότι
717 2684 805 2757 μηδὲν
823 2686 905 2742 αύτολ
922 2689 990 2759 μήτε
1008 2689 1117 2761 κοινῶν,
1136 2691 1204 2763 μήτε

130 2772 208 2827 ἴδιον
225 2768 427 2837 ἐπιτελοῦντες,
446 2766 503 2825 ἀλλ’
525 2766 631 2842 ἀχρεῖοι
646 2771 694 2824 καί
711 2772 837 2841 περίττοι
853 2776 1029 2837 καθεστῶτες
1050 2772 1123 2831 Ούτε
1141 2776 1203 2833 ποτ’

130 2854 160 2910 ἐν
175 2853 285 2927 πολέμῳ
304 2852 475 2925 ἐναρίθμιοι,
493 2850 554 2910 οὔτ’
571 2853 611 2909 ἐνί
626 2858 722 2929 βουλῇ·
741 2852 817 2926 ὅμως
836 2860 894 2913 τῶν
911 2853 1001 2913 ἄλλων
1016 2866 1202 2931 κατηγοροῦσι

130 2939 179 2995 καλ
200 2938 301 3009 λόγους
320 2937 399 3002 τινὰς
417 2936 675 3010 ἐκμεμελετηκότες,
700 2940 862 3011 ἐπιτιμῶσι,
889 2943 936 2997 καί
959 2945 1121 3015 λοιδοροῦσι
1142 2953 1201 3010 τοῖς

132 3025 280 3092 πλησίον.“
314 3028 347 3079 ln
362 3028 436 3079 Dial.
453 3031 540 3081 biert.
558 3030 582 3080 1.
604 3030 749 3095 Diogenes
773 3030 884 3083 Pellaei
904 3034 940 3083 ed
960 3034 1051 3086 lucem
1074 3037 1201 3089 redituro

132 3114 202 3163 baec
224 3112 304 3164 dicit:
333 3102 386 3177 ,Ὦ
401 3108 592 3177 Πολύδευκες,
615 3106 774 3179 ἐντέλλομαί
794 3128 839 3165 σοι
855 3145 889 3154 -
906 3144 941 3157 -
958 3145 993 3155 —
1010 3111 1046 3185 ἤν
1064 3136 1120 3171 που
1139 3118 1202 3189 ἴδῃς

133 3190 285 3247 Μένιππον
303 3192 354 3247 adv
369 3191 441 3247 κύνα
459 3187 567 3261 (εύροις
585 3189 647 3247 δ’όιν
669 3194 760 3249 αύτόν
779 3193 809 3247 ἐν
825 3196 959 3267 Κορίνθῳ
978 3197 1052 3250 κατὰ
1070 3196 1103 3251 τό
1124 3200 1202 3264 Κρό-

131 3294 221 3346 νειον,
238 3272 257 3347 ἥ
277 3274 309 3330 ἐν
325 3278 449 3343 Λυκείω,
465 3279 534 3330 τῶν
554 3274 747 3345 ἐριζόντων
764 3276 848 3345 πρὸς
867 3277 1040 3347 nitidiores
1059 3280 1201 3347 φιλοσό-

133 3380 208 3429 φων
225 3362 485 3429 καταγελῶντα)
510 3360 599 3414 εἰπεῖν
613 3358 685 3428 πρὸς
702 3355 792 3415 αύτόν
808 3364 885 3415 κτλ.“
909 3370 939 3415 et
956 3368 1042 3429 paulo
1059 3372 1125 3431 pest
1141 3372 1203 3423 Me·-

131 3448 210 3512 nippi
223 3446 335 3498 hubltns
350 3449 379 3497 et
394 3460 488 3497 mores
506 3449 541 3498 ab
559 3448 657 3498 eodem
674 3448 715 3499 ita
733 3436 943 3503 deseribuntur:
970 3444 1088 3519 ,Γέρων
1106 3446 1201 3520 (ἐστὶ),

133 3524 296 3596 φαλακρός,
313 3524 464 3598 τριβώνιον
482 3526 551 3597 ἔχων
568 3526 746 3599 πολύθυρον,
767 3524 870 3585 όίπαντι
889 3524 980 3604 υίνέμφ
1002 3526 1199 3607 οίναπεπταμὲ-

132 3631 183 3667 νον
199 3610 249 3667 καί
265 3615 328 3674 ταῖς
346 3608 511 3681 ἐπιπτυχαίς
529 3612 586 3667 τῶν
605 3611 711 3682 ῥακίων
728 3614 867 3670 ποικίλον·
889 3618 956 3691 γελᾷ
976 3612 1059 3687 δὀίεί,
1086 3624 1145 3676 καὶ
1162 3622 1201 3677 τδι

133 3697 245 3751 πολλοὶ
261 3692 345 3758 τούς
360 3693 535 3760 ἀλαζόνας
552 3695 704 3762 τούτους
721 3698 946 3768 φιλοσόφους
963 3700 1200 3761 ἐπισκῶπτει.“

133 3784 221 3835 Plura
239 3782 401 3836 testimonia
415 3796 589 3837 eoaeervare
608 3786 652 3838 hie
669 3788 756 3853 piget.
792 3786 835 3840 cs.
853 3788 926 3841 Dial.
940 3794 1025 3843 Mart.
1041 3793 1076 3843 X.
1095 3799 1124 3845 et
1139 3794 1200 3845 XX.

135 3868 182 3920 lile
198 3869 305 3919 Auens.
323 3868 349 3931 s.
367 3868 410 3919 ³8.
438 3868 544 3923 Placet.
561 3872 588 3934 §-
607 3872 650 3922 δε.
669 3876 698 3923 et
715 3871 840 3935 inprimis
856 3872 1011 3927 learomen.
1025 3878 1052 3940 §-
1070 3879 1086 3926 ³
1105 3891 1166 3941 sqq.

203 3954 232 4011 ¹)
255 3952 328 4003 Vide
345 3948 481 4005 menelae
506 3968 557 4007 sur
577 3956 605 4006 le
630 3955 693 4008 vral
714 3956 829 4009 dessein
850 3958 1064 4022 n²nristepnane
1081 3963 1151 4011 dans
1171 3961 1201 4009 la

134 4031 262 4087 candala
279 4034 408 4089 lntltulde
417 4028 662 4104 Ἐκκληοιόζουοαι
678 4052 730 4108 par
742 4040 784 4094 lae
797 4041 888 4108 Beau,
903 4043 933 4093 ln
943 4040 1027 4097 Mem.
1044 4045 1078 4092 (ιε
1091 4044 1199 4093 Pseud.

134 4123 186 4172 aes
202 4121 293 4173 laser.
308 4122 374 4173 vol.
389 4121 483 4187 xxx,
497 4136 525 4184 p.
542 4123 586 4173 ιι.
