2934 4750
272 321 335 385 132
608 337 640 376 ιι.
664 331 817 376 8888888
840 327 996 374 bannonis

272 511 402 570 pretana,
427 495 924 572 88188811888,,81888888181188114
947 495 990 546 818
1015 492 1144 576 exponit:
1181 493 1269 558 „Nam
1290 491 1336 554 qui

272 590 408 656 pecuniae
427 593 472 639 eat
489 588 588 640 avidos
606 588 636 636 et
653 585 813 647 studiosus,
839 583 874 632 ad
892 577 956 646 ejus
974 589 1095 650 aceruos
1114 575 1229 628 subinde
1245 579 1340 625 retor-

273 688 359 741 quere
382 675 498 738 oeulos,
531 684 565 722 ae
586 681 674 732 paene
698 669 813 719 strabus
835 661 966 716 elficiuu.
1000 665 1059 712 Neo
1082 659 1125 711 sie
1149 663 1183 712 ab
1201 672 1237 710 ea
1254 659 1340 709 avelli

272 762 377 822 potest,
393 759 458 822 qnia
473 756 575 808 oeulos
592 763 794 824 saepenumero
810 747 949 813 reflectat,
968 751 999 799 ut
1013 758 1074 798 eam
1090 744 1235 807 respiciat.
1269 745 1338 794 Eum

272 843 360 906 igitur
375 842 452 907 dicit,
470 840 517 908 qul
534 838 672 901 pecuniae
689 838 825 898 88888818
842 833 1015 886 8881888811
1033 832 1178 894 depravat,
1194 840 1248 878 888
1264 831 1339 878 stra·

273 929 325 976 bos
343 925 444 989 reddit,
463 925 535 989 quod
552 933 669 987 nragoae
686 919 829 970 aviditatis
846 920 891 968 est
908 919 1107 981 argumentum.
1135 913 1212 964 ⁴ilino
1231 916 1261 962 et
1277 925 1338 976 eos,

274 1010 321 1074 pul
338 1003 466 1074 alieuius
477 1007 561 1058 nimia
581 1006 731 1069 eupiditate
751 1004 931 1065 tenebantur,
963 1002 1111 1051 strabones
1129 995 1191 1048 fieri
1210 998 1339 1048 dicebant

273 1123 307 1132 -
328 1093 387 1142 -·“.
424 1092 466 1142 cl.
483 1093 582 1141 llorat.
602 1090 696 1154 1181,
716 1088 765 1152 11,
781 1087 839 1136 ab:
865 1087 946 1149 „Non
963 1084 1029 1134 latio
1047 1082 1158 1145 obliquo
1177 1082 1338 1136 oculomea

274 1177 418 1228 commoda
436 1175 580 1239 qnisquam
599 1170 730 1226 llimatf‘.
765 1169 855 1226 181811.
874 1172 934 1218 sat.
952 1170 970 1217 l.
989 1157 1104 1233 mill,
1123 1167 1157 1215 ir.
1174 1166 1200 1215 8.
1219 1171 1260 1228 (8.
1279 1165 1337 1215 333.

274 1263 317 1311 88.
336 1260 488 1318 daverio:
517 1258 612 1324 „Nulli
629 1270 672 1307 me
690 1256 832 1320 invidere,
854 1253 1124 1325 neqrrt.atrabooem
1142 1247 1204 1301 fieri
1224 1249 1338 1311 saepius

274 1346 383 1397 deliciis
402 1357 445 1396 me
463 1338 611 1394 latorum“.
647 1340 692 1393 01.
708 1343 793 1391 Varr.
812 1341 870 1388 Sat.
890 1335 1060 1389 illuminita
1081 1335 1116 1384 lr.
1135 1334 1160 1384 3.
1182 1333 1339 1386 -11181118

276 1435 321 1480 eat
343 1431 514 1482 Graecorum
543 1424 650 1476 locutio
673 1411 792 1489 1188ιᾶ8
816 1415 888 1486 πρὸς
910 1436 950 1484 τι,
969 1424 1009 1469 ·et
1029 1423 1156 1470 noatnrm
1183 1419 1339 1483 „sobielem

276 1514 398 1578 blinlreo,
417 1511 577 1574 liebiugeln
596 1511 668 1559 8888
686 1505 809 1558 emant
826 1532 861 1544 -
882 1505 1013 1556 88881-
1029 1497 1189 1554 ἑλκυστικόν
1207 1503 1226 1552 i.
1245 1515 1270 1552 e.
1290 1504 1341 1552 lra-

279 1600 325 1649 bet
342 1595 491 1660 pellleendl
507 1594 570 1644 vim.
606 1593 649 1643 ct.
667 1595 767 1644 Attea.
785 1590 973 1653 oelpoos..v,
989 1602 1015 1649 p.
1034 1588 1082 1637 188
1100 1600 1143 1636 e:
1163 1587 1270 1650 ,Δοκεῖ
1285 1579 1341 1650 γὰρ

277 1677 369 1745 ἔχειν
387 1674 461 1742 πρὸς
480 1671 578 1742 palato
595 1692 622 1726 τι
640 1668 655 1727 ὁ
676 1669 753 1735 οἶνος
777 1666 1007 1724 blaoonadv‘t

344 1790 369 1837 3.
405 1788 546 1848 881188.
564 1801 590 1848 p.
610 1785 674 1848 331,
699 1785 742 1836 83.
762 1800 787 1836 v.
805 1787 887 1835 stare
905 1808 939 1818 -
955 1807 989 1818 -
1003 1781 1106 1832 valere
1120 1782 1148 1829 et
1162 1781 1295 1830 constare
1313 1784 1342 1827 et

275 1869 360 1924 118888
377 1882 453 1921 8888.
466 1895 499 1907 -
515 1872 623 1936 quonia
640 1871 696 1922 etet
713 1868 801 1920 Godd.
815 1867 956 1918 mendose.
992 1865 1145 1915 luter'tres
1160 1865 1253 1928 18888,
1270 1875 1341 1925 quoa

277 1953 359 2006 oliert
376 1955 484 2006 1188188
503 1956 536 2004 88
553 1956 722 2017 probandam
739 1953 813 2002 illam
835 1951 915 2002 verbi
938 1952 1016 2001 stare
1038 1949 1173 2011 triplicem
1197 1943 1344 2012 signifiea-

277 2038 394 2103 tionem,
416 2038 515 2088 18888
533 2051 589 2090 nno
606 2037 747 2089 Varronis
763 2037 829 2086 loco
850 2038 926 2085 stare
945 2045 995 2096 per
1013 2034 1116 2086 valere,
1125 2030 1261 2094 explicari
1279 2036 1346 2093 pot-

277 2125 331 2171 est.
374 2123 472 2182 Quare
492 2124 636 2184 probanda
661 2120 773 2172 omnino
798 2119 909 2169 videtur
936 2131 1002 2170 8888
1033 2115 1186 2168 emendatio
1211 2115 1345 2166 Gulielmi

276 2205 406 2255 Verlslm.
424 2207 474 2270 lll,
491 2206 534 2256 18.
551 2208 653 2272 88888
669 2233 703 2247 -
725 2231 765 2268 -,
784 2205 853 2268 quot
870 2205 937 2256 8818.

343 2305 369 2354 1.
403 2307 455 2368 Ap.
470 2307 541 2356 Non.
559 2320 586 2367 p.
600 2306 650 2369 at,
672 2307 698 2355 8.
717 2321 746 2356 v.
762 2303 928 2367 Compedes.
946 2329 979 2340 -
1003 2305 1144 2370 corripite
1162 2301 1229 2352 cod.
1249 2301 1343 2364 bugd.

277 2390 401 2441 secunda
417 2402 512 2454 manu,
532 2391 609 2455 818,
632 2390 921 2453 Laurenb.‚1³opma.

345 2500 370 2545 5.
407 2501 459 2560 Ap.
478 2498 550 2546 Non.
568 2510 595 2557 p.
613 2498 660 2562 et,
688 2498 731 2547 13.
748 2513 775 2548 v.
800 2496 1003 2548 conoralarare
1021 2499 1065 2545 est
1082 2507 1216 2545 exercere
1233 2507 1266 2543 aa
1285 2506 1347 2545 ma-

281 2584 450 2632 turelaeere.
483 2607 515 2617 -
541 2580 603 2633 Nee
627 2584 730 2633 dolore
758 2584 800 2633 ed.
832 2582 940 2632 noviss.
968 2592 1003 2632 ex
1031 2579 1091 2629 8818
1114 2578 1200 2629 (1888.
1243 2580 1346 2629 dolere

235 2686 240 2697 =
278 2668 367 2715 llere.
401 2666 626 2731 deterrendum,
642 2668 781 2737 baurepb.
818 2662 1346 2728 88888818888888888888880888.

278 2762 321 2798 888
340 2750 475 2813 88818888
493 2746 532 2813 ej.
548 2749 661 2812 Popma.
703 2764 766 2802 eom
781 2746 1029 2813 prorumpitur.
1071 2760 1161 2798 eoam.
1177 2750 1266 2799 88818
1281 2761 1347 2799 eam

278 2834 395 2895 partem
411 2844 473 2883 mea
489 2830 658 2897 eonjeetura
673 2839 728 2885 eat.
762 2846 820 2883 noa
836 2835 915 2885 omis.
932 2834 1048 2898 l’opma,
1063 2833 1201 2888 Laurenb.
1220 2857 1254 2867 -
1268 2830 1349 2883 Gon-

279 2916 421 2965 malaxare
445 2920 578 2978 (quocum
600 2929 732 2978 compara
756 2920 882 2969 nostrum
904 2916 1038 2985 „weieli“
1061 2918 1107 2967 vel
1130 2912 1349 2983 ,8118881818-

280 2997 370 3061 gen“)
392 2998 436 3047 818
453 3002 498 3048 est
516 3002 676 3053 exercendo
690 3012 723 3051 88
739 3004 887 3064 praestare
909 3016 950 3053 88.
968 2993 1169 3069 8888888881.
1187 3012 1212 3049 8.
1235 2998 1351 3050 1881118-

279 3085 396 3131 rentem.
431 3084 509 3148 qaod
523 3084 711 3149 8888888818
726 3100 768 3137 se.
783 3088 917 3149 postulat.
952 3085 1014 3137 Nisi
1029 3086 1153 3137 tortasse
1169 3082 1351 3136 scribendum

281 3169 411 3217 8818888
431 3168 647 3219 8188888888
672 3172 787 3237 dolere,
817 3175 849 3222 ut
873 3170 1070 3221 eonmalaxare
1093 3168 1131 3219 sit
1150 3169 1350 3230 persuadendo

282 3249 436 3315 adducere,
467 3252 539 3301 8888
556 3254 626 3302 8888
644 3256 785 3305 sententia
801 3255 916 3304 evadat:
950 3256 1047 3317 Neque
1065 3265 1183 3316 unquam
1199 3252 1354 3316 18181881·-

281 3334 606 3429 88888888818111188,
639 3341 711 3401 quod
736 3338 911 3401 philosophia
933 3338 1046 3403 statuit,
1071 3338 1176 3387 *dolere
1196 3347 1257 3386 rem
1282 3350 1353 3388 esse

281 3411 452 3481 8888188888.
487 3420 580 3470 Verba
598 3424 664 3473 sunt
679 3423 797 3473 8881818
816 3422 961 3487 simplicia,
979 3422 1140 3473 severiores
1155 3419 1353 3483 philosophiae

281 3501 397 3563 regulas
417 3504 604 3567 aspernantia.
629 3532 664 3569 ÷
693 3508 736 3555 lle
761 3507 848 3557 verbo
872 3506 1070 3557 conmalaxare
1093 3506 1129 3555 ei.
1148 3505 1231 3555 Varr.
1254 3507 1289 3557 Ιι.
1318 3509 1353 3557 1..

282 3585 339 3648 Vl,
358 3584 400 3635 36.

352 3685 377 3734 ti.
411 3689 463 3749 Ap.
480 3689 552 3737 Non.
570 3702 597 3749 p.
618 3686 682 3752 lte,
706 3688 749 3737 33.
767 3668 987 3740 8188881888
1006 3690 1097 3739 solum
1115 3688 1162 3751 qui
1180 3688 1357 3749 pranderent

283 3767 426 3834 dicuntur,
452 3770 502 3819 888
521 3770 605 3819 etiam
621 3769 721 3831 quibus
739 3771 806 3821 81811
823 3773 905 3825 dealt.
925 3800 959 3811 -
982 3773 1074 3838 88881,
1098 3774 1153 3823 888
1171 3772 1275 3836 codd,
1301 3773 1356 3822 aed

284 3853 354 3902 bene
372 3854 454 3903 liotb.
475 3850 515 3917 ej.
530 3865 594 3902 8888
614 3855 642 3904 te
658 3852 729 3919 888,
762 3857 835 3918 8888
858 3856 1026 3920 recepimus.
1062 3869 1126 3907 8888
1145 3856 1289 3905 bominem
1314 3852 1355 3920 ej.

284 3936 362 4000 ldps.
396 3950 459 3988 reae
476 3937 532 3985 boe
547 3946 663 3986 manere
679 3949 726 4002 op.
744 3937 781 4003 ej.
795 3939 908 4001 Popma.
943 3940 1049 4002 Inepte.
1065 3965 1100 3977 -
1120 3940 1161 3989 lle
1178 3939 1358 4000 proverbiali

283 4020 427 4073 locutione
449 4030 602 4083 „pransum
625 4033 660 4070 ao
679 4026 808 4084 paratum
830 4021 918 4075 eaee“
941 4039 966 4073 v.
989 4035 1043 4073 888
1061 4022 1136 4075 intra
1153 4022 1182 4073 18
1200 4024 1298 4075 adnot.
1321 4025 1359 4073 ad

284 4104 446 4153 18888881.
464 4101 597 4156 1888888
615 4104 754 4159 Paratus.
