2934 4750
248 269 270 328 8
643 281 874 329 consenueris
897 283 937 328 us

250 451 473 520 sententiarum
492 451 653 516 innumera
670 449 783 516 haheat
806 449 1054 533 corruptissimos
1069 447 1244 513 Latinitatis
1263 448 1321 512 in-

249 560 337 639 dicia,
352 559 451 626 multo
471 561 585 627 rectius
602 549 755 646 sequioris
776 559 843 624 aevi
862 558 1093 644 compilatorem
1112 558 1246 645 aliquam
1264 575 1322 642 pro

248 695 304 748 fine
321 697 425 748 addito.
442 693 476 735 '-
491 700 582 760 Atque
600 698 643 747 iris
662 697 691 748 in
709 696 939 759 inscriptionibus
959 698 1005 745 sat
1022 694 1157 758 praesidii
1175 695 1321 744 invenisse

249 780 302 831 sibl
324 782 404 832 visus
427 784 472 831 est
493 781 625 847 ilcvltus,
655 784 686 832 ut
709 779 859 843 proverbia
890 781 928 830 ab
956 779 1037 840 ipso
1060 780 1225 829 Varrone
1250 790 1321 828 cou-

249 865 356 927 scripta
371 877 437 915 esse
454 868 575 929 putaret,
589 867 639 916 sub
656 866 709 916 iroc
724 878 822 927 nempe
838 864 935 914 titulo:
948 863 1124 928 „Praecepta
1139 864 1175 912 ad
1187 862 1218 911 P.
1232 862 1321 912 Axia-

249 961 311 999 num
335 950 532 1000 Atheniensem
556 947 731 1001 auditorem“
754 949 800 999 vei
824 949 885 1013 „Ad
911 947 943 996 Ρ.
968 946 1104 996 Axianum
1123 947 1187 995 Atia.
1212 944 1319 996 audit.“

250 1043 292 1081 sc.
314 1032 386 1083 liber
405 1035 452 1084 vei
474 1035 604 1097 epistola.
639 1035 702 1097 „Ad
719 1031 751 1082 P.
774 1029 933 1083 Axiauum“
955 1030 1027 1081 enirn
1050 1031 1102 1092 (ei.
1124 1029 1185 1081 (lic.
1206 1031 1241 1080 ad
1261 1031 1319 1080 Att.

249 1115 380 1181 xvsti,
399 1117 439 1178 1.)
461 1131 514 1180 pro
536 1120 600 1184 „Ad
621 1115 795 1168 Ριιιίιιιιιιιιια
817 1116 847 1167 in
865 1115 934 1167 (lod.
955 1116 1054 1166 Patav.
1075 1115 1098 1165 i.
1119 1114 1320 1165 testimenium

249 1210 316 1248 esse
334 1197 460 1265 conjecit
474 1202 609 1267 neritus,
626 1203 762 1266 probante
779 1203 813 1251 il.
826 1200 913 1251 Klotz
930 1200 959 1250 in
975 1201 1076 1250 Anam.
1095 1198 1191 1262 pbiloi.
1207 1201 1238 1248 et
1252 1211 1320 1260 pae-

249 1282 403 1345 dag.1dib.
422 1287 488 1334 tom.
506 1287 640 1350 supplem.
655 1286 695 1336 ix
712 1286 830 1336 iascicc.
842 1284 868 1349 i,
885 1299 912 1347 p.
928 1284 987 1333 59⁰.
1010 1283 1073 1344 Qua
1089 1279 1257 1348 conjectura
1272 1295 1320 1332 sa-

249 1365 286 1416 tis
305 1367 413 1429 qrridem
434 1369 557 1433 eleganti
576 1373 710 1432 pararunt
728 1370 782 1420 sibi
800 1369 934 1420 bominem
953 1380 989 1418 ex
1006 1368 1087 1417 domo
1106 1365 1218 1417 Ariana
1235 1366 1320 1418 (lice-

214 1479 219 1486 ·
248 1449 312 1501 roni
329 1451 358 1502 et
373 1453 497 1504 Varroni
515 1454 565 1514 [ci.
584 1455 656 1504 (leil.
672 1455 735 1519 Vll,
754 1456 780 1504 ³.
805 1456 899 1504 Varro
916 1453 952 1504 de
968 1453 1002 1501 il.
1018 1452 1053 1501 B.
1070 1450 1120 1515 lii,
1139 1451 1166 1517 2,
1184 1451 1210 1501 1.
1232 1450 1320 1502 (lreiii

250 1531 394 1587 onomast.
411 1538 484 1588 Tull.
501 1539 651 1602 turn.V11,
668 1553 696 1600 p.
714 1538 762 1603 98,
777 1541 819 1596 a.)
836 1537 981 1588 admodum
998 1534 1138 1598 familiari,
1156 1534 1204 1584 eui
1217 1535 1320 1586 bomini

248 1617 360 1670 scilicet
377 1621 532 1672 studiorum
548 1623 640 1686 gratia
652 1622 769 1673 Athenis
789 1621 915 1674 versanti
932 1621 1026 1670 Varro
1041 1619 1139 1671 librum
1155 1619 1320 1680 proverbio-

248 1713 309 1752 rum
326 1717 406 1754 suum
422 1705 498 1757 iilum
516 1706 701 1768 inscripserit.
737 1707 818 1768 Quod
835 1709 927 1756 autem
946 1704 1042 1754 dicunt
1057 1705 1187 1754 Varrone
1204 1704 1239 1753 ab
1256 1702 1319 1765 ipso

250 1797 316 1836 esse
334 1784 472 1851 ejusmodi
488 1790 586 1841 librum
612 1790 816 1857 conscriptum,
844 1787 908 1852 ejus
926 1787 1066 1852 opinionis
1084 1799 1164 1851 quam
1182 1787 1321 1837 rationem

249 1871 417 1936 attuierunt,
439 1874 469 1924 in
487 1886 522 1926 ea
540 1874 669 1926 videntur
685 1887 782 1938 parum
800 1877 884 1925 eante
902 1885 969 1924 esse
986 1871 1102 1924 versati.
1136 1872 1231 1933 Neque
1246 1869 1319 1920 euim

248 1954 386 2005 debebant
402 1957 513 2024 mlrari,
530 1962 602 2022 quod
620 1959 650 2010 in
667 1960 778 2010 tantillo
797 1956 1009 2022 proverbiorum
1024 1956 1135 2006 illorum
1150 1966 1265 2004 numero
1282 1968 1319 2005 ne

248 2049 331 2092 uuum
354 2041 461 2103 atridem
489 2047 598 2108 exstet,
626 2045 700 2106 qnod
726 2043 798 2093 idem
830 2042 860 2092 iu
888 2040 1027 2091 Varronis
1055 2051 1169 2101 operum
1191 2037 1319 2100 reliqniis

248 2124 364 2174 nostrae
381 2127 474 2176 aetate
492 2127 614 2178 serratis
629 2128 802 2190 reperiatur:
827 2126 926 2189 qnippe
943 2123 1040 2175 mirum
1060 2122 1171 2173 omniuo
1189 2125 1318 2187 nonest,

249 2205 289 2268 si,
315 2209 357 2257 tot
379 2209 519 2274 tantisque
538 2208 603 2275 eJus
625 2211 775 2273 scriptoris
797 2209 982 2260 voluminibus
999 2207 1167 2271 deperditis,
1183 2207 1320 2268 paucula·

248 2301 308 2338 rum
330 2292 528 2347 sententiarum
547 2308 600 2345 nec
620 2297 687 2346 vola
710 2307 763 2345 uec
783 2292 933 2357 vestigium
951 2293 980 2344 in
1002 2304 1097 2343 eornm
1119 2289 1245 2352 reliqmis
1269 2302 1321 2340 ex-

248 2374 315 2425 stat.
348 2377 490 2446 Equidem,
510 2380 613 2444 siquid
629 2377 774 2445 conjicere
790 2379 868 2443 iicet,
885 2377 979 2441 potius
995 2375 1151 2440 putaverim
1164 2374 1320 2427 sententia·

247 2468 307 2508 nun
322 2460 459 2514 delectum
472 2465 559 2529 illum,
573 2463 656 2529 eujus
672 2475 746 2515 nuuc
760 2461 885 2526 rasuris
898 2463 1005 2526 patent,
1020 2461 1048 2511 si
1061 2472 1119 2511 uon
1132 2459 1318 2524 excursibus,

248 2545 325 2593 certe
341 2556 377 2595 ex
399 2548 587 2611 compluribus
605 2548 745 2599 varronis
763 2546 896 2609 operibus
920 2546 1026 2597 metum
1046 2556 1111 2595 esse
1136 2544 1235 2593 munio
1258 2544 1318 2595 iere

248 2630 347 2688 quarto
365 2632 411 2680 vei
428 2633 524 2695 quinto
540 2647 567 2696 p.
586 2631 650 2682 cbr.
668 2645 697 2681 n.
725 2632 806 2690 Quod
823 2630 850 2679 si
867 2642 974 2680 mecum
990 2627 1142 2693 statueris,
1158 2639 1250 2689 neque
1267 2627 1319 2677 mi·

245 2712 355 2763 raberis
376 2715 494 2778 amplius
514 2717 548 2766 de
567 2727 696 2766 sermone
714 2715 826 2765 iliarum
849 2712 990 2776 sequioris
1014 2712 1105 2762 seculi
1123 2712 1205 2761 faece
1225 2714 1318 2762 tanto-

246 2804 314 2854 pere
333 2796 529 2863 ooinquinato,
549 2802 582 2850 ut
597 2799 743 2862 pristinam
761 2802 792 2849 et
809 2798 950 2861 antiquam
965 2796 1066 2847 faciem
1087 2796 1118 2846 in
1140 2795 1234 2847 verbis
1256 2795 1318 2858 qni·

246 2877 307 2926 deur
327 2890 487 2941 agnoscere
509 2883 594 2933 ullam
615 2894 671 2933 non
693 2882 800 2944 possis.
835 2881 982 2944 ceterum,
1006 2881 1081 2943 quod
1096 2879 1162 2935 ilias
1179 2879 1216 2928 ad
1230 2878 1318 2927 Athe·

245 2960 370 3011 niensam
393 2963 548 3015 auditorem
570 2964 690 3027 aliquem
708 2966 830 3028 scriptas
850 2969 881 3016 et
903 2964 1087 3016 concinnatas
1105 2964 1135 3014 in
1151 2960 1215 3027 ejus
1236 2974 1317 3013 usum

244 3042 335 3094 missa
352 3048 484 3098 testatum
501 3048 597 3099 iacere
615 3050 744 3100 videntur
762 3049 849 3100 codd.
866 3051 938 3099 bias.
956 3051 986 3097 et
1002 3046 1171 3099 Vincentius
1188 3046 1318 3096 bellova-

246 3127 351 3192 censis,
363 3128 393 3180 in
406 3143 442 3182 eo
459 3128 541 3182 fldem
555 3145 643 3183 meam
659 3131 746 3183 nolim
762 3133 821 3183 iilis
834 3143 953 3196 prorsus
971 3131 1130 3195 denegare:
1144 3142 1242 3192 parum
1255 3129 1318 3193 qni-

245 3215 306 3265 dam
327 3213 409 3265 auxie
427 3228 547 3284 cumas,
572 3220 663 3269 utrum
680 3216 818 3268 auditoris
835 3228 937 3269 nomeu
952 3214 1040 3267 merit
1057 3211 1255 3281 „Paxlauus“,
1279 3225 1317 3263 an

244 3298 296 3360 ‚‚P.
314 3298 476 3366 Asianus“,
502 3313 538 3352 au
555 3301 630 3353 forte
646 3304 790 3364 neutrum3
815 3301 915 3364 quippe
933 3300 1047 3349 constat
1063 3298 1209 3349 admodum
1224 3296 1318 3360 negli-

244 3384 344 3444 genter
360 3396 426 3435 esse
442 3388 587 3435 exaratum
602 3385 701 3436 librum
720 3384 887 3435 Patauinum
901 3382 1033 3447 priorem,
1053 3381 1101 3444 qui
1118 3381 1194 3431 iiiam
1211 3380 1317 3432 iuscri-

243 3464 366 3525 ptionem
383 3467 543 3531 „incipiunt
554 3467 709 3518 Proverbia
720 3467 860 3518 Varronis
879 3467 913 3516 ad
928 3462 1103 3519 Ριιίιιιιιιιιιιι
1119 3464 1253 3527 exbibet,
1266 3461 1317 3513 Ni·

242 3548 282 3597 bii
302 3549 374 3601 euim
389 3550 492 3614 reiert,
519 3562 601 3613 aarum
623 3551 711 3601 semel
732 3550 946 3613 proverbiorum
962 3548 1040 3599 iilum
1058 3548 1195 3597 deiectum
1215 3549 1252 3597 ad
1268 3559 1317 3597 se-

243 3630 345 3695 quiora
356 3634 456 3683 secula
469 3632 626 3699 retulimus,
640 3646 703 3685 num
718 3633 807 3696 prisci
822 3637 852 3683 et
864 3631 970 3683 sinceri
987 3630 1107 3681 nominis
1121 3629 1257 3680 bominem
1273 3633 1317 3681 te·

242 3727 374 3780 neamus,
389 3728 444 3767 nec
460 3728 505 3766 ne.
542 3715 626 3769 certe
648 3718 674 3768 si
693 3717 842 3781 quiaillud
863 3728 965 3767 nomeu
982 3713 1141 3764 mutandum
1158 3716 1271 3776 putaret
1288 3714 1317 3764 in

242 3799 452 3863 „Pacciauum“
470 3801 517 3851 vei
531 3799 734 3867 „Pacianum“,
754 3805 851 3864 (quum
869 3801 983 3849 constet
1001 3797 1169 3859 saepissime
1187 3798 1217 3847 et
1234 3797 1263 3848 iu
1280 3798 1317 3847 ii-

241 3881 301 3933 bris
319 3896 386 3935 mss.
407 3885 437 3933 et
459 3884 490 3935 in
509 3885 648 3949 lapidibus
668 3884 770 3936 incisis
788 3885 960 3946 permutatas
981 3892 1048 3931 esse
1070 3881 1171 3931 literas
1191 3893 1231 3945 ar,
1253 3884 1317 3931 eet

242 3969 301 4031 ιω
313 3992 349 4005 -
365 3966 432 4030 quin
446 3967 529 4019 etiarn
545 3968 572 4019 si
589 3968 691 4031 aliquis
703 3967 828 4017 Paciauo
842 3964 1047 4018 barcinonensi
1055 3964 1199 4026 Episcopo
1210 3978 1238 4026 p.
1250 3962 1315 4015 Gir.

241 4049 302 4101 aio.
329 4050 474 4117 defuneto,
502 4052 640 4121 iuscripta
659 4051 710 4107 tila
735 4050 1049 4113 mirumdolium,
1075 4045 1159 4116 cujus
1180 4047 1260 4112 libri,
1289 4047 1317 4098 si
