2934 4750
392 327 432 368 na
455 325 666 370 cusnacraaa
691 325 910 370 vannonrnno.
1145 310 1185 370 81

111 495 243 560 Praeter
272 491 426 558 luxuriam
453 496 506 567 ¹⁸)
534 492 617 556 enim
645 491 765 557 nullum
794 491 903 557 vitium
935 491 1055 558 videtur
1083 492 1186 572 luisse,

113 601 198 688 quod
219 601 320 668 scrius
343 600 507 685 castigaret
525 601 639 677 Varro,
668 608 722 665 aut
748 600 781 664 in
802 600 889 687 cujus
912 601 1185 688 reprehensionem

113 710 236 797 saepius
255 708 422 786 incideret,
448 729 542 795 mam
559 708 701 786 avaritia,
723 728 804 794 quae
823 731 887 776 una
907 731 978 776 cum
999 711 1066 792 illa,
1092 733 1186 798 quam

113 821 171 888 sibi
193 829 342 907 tanquam
366 825 528 904 cognatam
547 817 694 895 babebat,
715 826 803 903 peste
822 827 896 886 tunc
917 822 1066 908 temporis
1086 822 1185 887 indies

113 930 212 1015 magis
233 951 290 1016 per
310 937 408 994 totam
432 927 653 1015 rempublicam
675 928 805 1012 grassari
828 930 930 1016 coepit
954 936 1016 1009 19).
1060 929 1186 997 Sublata

112 1040 214 1126 prisca
232 1060 355 1106 momm
371 1038 566 1124 simplicitate
587 1045 619 1102 et
636 1037 808 1115 severitate,
827 1038 935 1124 queris
949 1039 1088 1127 undique
1108 1061 1185 1106 cor-

112 1149 236 1235 ruptele
255 1148 384 1235 impune
405 1149 560 1225 irruente,
584 1145 680 1212 labari
701 1145 874 1232 respublica
897 1169 942 1226 ac,
960 1149 1057 1215 veluti
1078 1149 1186 1214 morbo

112 1257 272 1324 communi
300 1266 457 1346 correpta,
491 1256 609 1323 turbari
639 1255 903 1342 conquassarique
936 1258 1046 1343 coepit
1095 1257 1187 1322 Era·-

116 1375 255 1434 nuerunt
276 1368 423 1454 antiquae
443 1366 587 1442 virtutes,
608 1365 721 1431 veteris
741 1365 820 1431 Latii
843 1365 951 1443 decus,
973 1373 1006 1430 et
1027 1365 1059 1431 in
1081 1385 1188 1431 carum

112 1479 218 1544 locum
237 1476 402 1543 subierunt
418 1474 589 1561 inquilinae
607 1474 759 1561 impietas,
772 1473 909 1559 perfidia,
923 1474 1113 1562 impudicitia
1123 1481 1188 1552 ²⁰),

110 1586 173 1652 alia
195 1586 348 1650 scelerum
371 1593 402 1648 et
422 1584 609 1669 flagitiorum
632 1604 754 1668 genera.
798 1581 881 1663 Quid
902 1584 997 1669 igitur
1019 1584 1141 1662 mirum,
1163 1583 1188 1648 si

109 1697 217 1761 Varro
245 1693 399 1759 luxuriam
425 1699 458 1757 et
481 1692 639 1758 avaritiam
666 1693 826 1778 primarias
846 1694 1058 1760 communium
1081 1695 1187 1759 malo-

108 1824 185 1872 rum
208 1823 332 1869 caussas
349 1802 419 1888 jure
441 1823 509 1868 esse
530 1811 615 1867 ratus
637 1823 689 1868 eas
711 1824 785 1888 prae
807 1805 917 1869 ceteris
942 1804 1024 1869 vitiis
1053 1803 1188 1880 incessit,

109 1915 289 1998 harumque
308 1912 502 1997 potissimum
526 1911 754 1978 abominatione
775 1912 987 1979 Fabriciorum
1010 1913 1187 1999 degenere-

109 2033 178 2092 tam
204 2022 322 2108 prolem
344 2021 382 2087 ad
404 2020 537 2108 priscam
562 2020 660 2087 victus
686 2021 850 2108 cultusque
878 2023 1106 2109 simplicitatem
1130 2041 1188 2086 re·-

109 2152 225 2200 vocare
256 2131 380 2197 studet?
438 2131 519 2196 llinc
553 2128 699 2215 frequens
734 2131 828 2196 etiam
865 2130 916 2196 illa
950 2131 1189 2217 praeteritorum

111 2251 291 2328 temporum
317 2239 490 2307 recordatio
518 2244 551 2302 et
577 2239 714 2304 sincerae
739 2239 901 2323 probitatis
923 2239 1051 2304 avoruni
1073 2245 1189 2302 etavo-

112 2371 257 2438 rumquc,
278 2350 343 2436 qui,
364 2365 572 2434 „quamquam
596 2346 702 2411 allium
726 2366 761 2411 ao
781 2366 856 2431 cepe
876 2365 985 2411 eorum
1003 2344 1096 2413 rerba
1115 2343 1190 2410 ole-

113 2468 201 2539 rent,
222 2468 327 2525 tamen
349 2457 467 2543 optime
487 2455 615 2519 animati
633 2461 750 2519 crent“
773 2459 828 2531 Μ)
871 2454 963 2521 Nunc
985 2461 1092 2519 contra
1111 2473 1190 2519 mu-

110 2579 179 2638 tata
196 2568 310 2635 omnia
353 2564 446 2631 Nulla
467 2562 629 2651 pudicitia,
657 2562 741 2627 nulla
765 2562 933 2628 liberorum
955 2584 1027 2649 erga
1047 2570 1190 2651 parentes

112 2682 216 2770 pictas
240 2682 312 2754 m),
341 2673 426 2740 nulla
444 2671 631 2759 judiciorum
654 2671 870 2749 sanctimonie,
900 2671 984 2738 nullo
1008 2673 1110 2759 legum
1133 2692 1191 2737 re-

113 2938 276 2995 dlntiesime
299 2938 411 3003 virent,
437 2940 487 2989 sed
509 2940 557 3002 qul
577 2939 815 2992 modestissime.“
850 2940 948 3006 Papia
966 2942 1068 3009 Papae
1090 2942 1125 2991 fr.
1149 2942 1190 2989 a:

112 3024 249 3090 inperito
273 3035 468 3085 nonnunquam
495 3025 604 3074 conche
627 3024 740 3076 videtur
764 3025 930 3090 margarita,
959 3030 1089 3089 putamen
1118 3036 1193 3076 sma-

112 3106 255 3175 ragdos.“
294 3109 406 3173 Vtrpul.
422 3106 522 3159 Dtctu.
538 3108 574 3158 fr.
591 3109 616 3157 t.
635 3134 670 3146 -
689 3107 732 3159 ct.
750 3121 805 3159 nos
823 3122 910 3171 supra
925 3113 983 3171 pt
1003 3123 1063 3173 sqq.

189 3194 234 3251 ¹⁸)
252 3194 288 3243 V.
307 3203 380 3253 quae
397 3204 485 3254 supra
502 3191 698 3241 adnotavimus
715 3204 752 3242 ex
769 3196 827 3244 lat.
847 3194 988 3257 litmaro,
1006 3191 1085 3258 Bai,
1101 3190 1192 3253 Mod,

114 3284 147 3331 et
167 3290 205 3327 ex
223 3270 294 3340 Περὶ
309 3268 493 3337 Ἐδεσμάτων.
529 3273 636 3333 Quibus
653 3274 728 3324 locis
743 3287 817 3325 nunc
833 3275 958 3325 addimus
977 3275 1143 3337 Marctpcr.
1156 3272 1192 3321 tr.

113 3364 153 3427 1.,
173 3361 254 3411 Mon.
274 3359 310 3408 tr.
329 3358 383 3419 11,
402 3356 575 3420 Qctnquatr.
593 3356 628 3405 tr.
648 3357 664 3404 2
683 3360 712 3405 et
729 3358 766 3421 a,
787 3351 827 3405 Τό
845 3348 908 3406 ’Enl
929 3354 971 3423 Τῇ
988 3355 1067 3424 Φακῇ
1082 3349 1193 3420 Maleto,

115 3460 148 3498 κ.
165 3439 294 3505 'Eusene
316 3441 351 3490 tr.
369 3440 395 3488 2.

189 3527 235 3584 ¹⁰)
255 3524 298 3574 Ad
313 3521 460 3575 avaritiam
479 3514 636 3584 pertinebat
656 3523 759 3572 Satura
771 3512 875 3585 ’'Appov
894 3522 1023 3588 Μετρεῖς,
1042 3538 1071 3574 ar.
1092 3522 1193 3588 Φιλαρ-

115 3608 228 3678 yups'ae.
255 3636 290 3648 -
314 3607 357 3659 ct
380 3605 524 3658 Andatat
543 3605 579 3655 tr.
602 3605 627 3655 1.
655 3607 738 3670 „Non
761 3605 858 3657 mirum
876 3606 902 3658 el
921 3608 1065 3661 caecutis:
1096 3620 1195 3661 eurum

116 3697 194 3749 enirn
210 3707 269 3745 non
285 3693 377 3744 minus
396 3689 581 3754 praestringit
599 3692 710 3755 oculos,
731 3704 811 3754 quam
832 3680 848 3741 ὁ
867 3686 956 3749 πολὺς
975 3682 1108 3758 ἄκρατος.
1135 3684 1194 3742 Ἀν-

115 3771 269 3845 θρωπόπ.,
293 3790 323 3826 π.
343 3769 535 3837 Γενεθλιακῆς
553 3773 589 3823 fr.
607 3773 633 3823 1.

191 3865 236 3921 ²⁰)
253 3863 324 3912 Sunt
340 3861 427 3910 verba
441 3857 531 3921 ipslus
545 3856 686 3908 Varronis
703 3856 732 3906 in
752 3860 811 3908 Sat.
833 3857 942 3925 semoy.
962 3861 996 3910 fr.
1016 3860 1058 3909 1³.

191 3947 236 4003 ²¹)
255 3947 326 3995 sunt
342 3945 430 3995 verba
446 3940 585 3993 Varronis
602 3940 632 3991 in
649 3943 708 3991 sat.
726 3940 857 3994 litmaro.
875 3942 910 3993 fr.
928 3944 954 3991 t.
976 3970 1008 3981 -
1033 3945 1069 3995 V.
1090 3943 1195 4006 Γερον·

117 4026 264 4083 τοδιδασκ.
280 4029 315 4079 tr.
332 4027 384 4091 lt,
403 4027 551 4093 θυμω.
566 4025 630 4074 Μ
647 4028 677 4073 et
693 4024 720 4073 4.

190 4114 236 4172 ¹¹)
256 4112 363 4178 stow.
381 4112 416 4163 tr.
434 4111 494 4160 lt:
513 4110 613 4174 „Nunc
631 4107 695 4171 quis
712 4111 820 4169 petrem
839 4109 936 4161 decem
954 4120 1091 4159 annorum
1109 4106 1195 4155 natue

1017 4182 1040 4249 6
