<?xml version="1.0" encoding="UTF-8"?>
<!DOCTYPE html PUBLIC "-//W3C//DTD XHTML 1.0 Transitional//EN"
    "http://www.w3.org/TR/xhtml1/DTD/xhtml1-transitional.dtd">
<html xmlns="http://www.w3.org/1999/xhtml" xml:lang="en" lang="en">
 <head>
  <title>
</title>
<meta http-equiv="Content-Type" content="text/html;charset=utf-8" />
  <meta name='ocr-system' content='tesseract 3.04.00' />
  <meta name='ocr-capabilities' content='ocr_page ocr_carea ocr_par ocr_line ocrx_word'/>
</head>
<body>
  <div class='ocr_page' id='page_1' title='image "./mterentiusvarro00oehlgoog/mterentiusvarro00oehlgoog_0210.png"; bbox 0 0 2934 4750; ppageno 0'>
   <div class='ocr_carea' id='block_1_1' title="bbox 272 275 997 336">
    <p class='ocr_par' dir='ltr' id='par_1_1' title="bbox 272 275 997 336">
     <span class='ocr_line' id='line_1_1' title="bbox 272 275 997 336; baseline -0.015 0"><span class='ocrx_word' id='word_1_1' title='bbox 272 275 337 336; x_wconf 67' lang='lat' dir='ltr'><strong>1OE</strong></span> <span class='ocrx_word' id='word_1_2' title='bbox 607 290 640 332; x_wconf 87' lang='grc' dir='ltr'><strong>ιι.</strong></span> <span class='ocrx_word' id='word_1_3' title='bbox 663 285 817 330; x_wconf 73' lang='lat' dir='ltr'><strong>numu</strong></span> <span class='ocrx_word' id='word_1_4' title='bbox 838 282 997 328; x_wconf 77' lang='lat' dir='ltr'><strong>rmorra</strong></span> 
     </span>
    </p>
   </div>
   <div class='ocr_carea' id='block_1_2' title="bbox 274 445 1413 2527">
    <p class='ocr_par' dir='ltr' id='par_1_2' title="bbox 274 445 1341 687">
     <span class='ocr_line' id='line_1_2' title="bbox 342 445 1341 519; baseline -0.011 -13"><span class='ocrx_word' id='word_1_5' title='bbox 342 457 367 507; x_wconf 87' lang='lat' dir='ltr'><strong>ti.</strong></span> <span class='ocrx_word' id='word_1_6' title='bbox 400 458 453 518; x_wconf 72' lang='lat' dir='ltr'><strong>ap.</strong></span> <span class='ocrx_word' id='word_1_7' title='bbox 473 454 599 509; x_wconf 73' lang='lat' dir='ltr'><strong>utensi.</strong></span> <span class='ocrx_word' id='word_1_8' title='bbox 615 455 656 519; x_wconf 76' lang='lat'><strong>1..</strong></span> <span class='ocrx_word' id='word_1_9' title='bbox 671 467 699 516; x_wconf 89' lang='lat' dir='ltr'><strong>p.</strong></span> <span class='ocrx_word' id='word_1_10' title='bbox 722 451 783 504; x_wconf 69' lang='lat' dir='ltr'><strong>tlt.</strong></span> <span class='ocrx_word' id='word_1_11' title='bbox 804 452 848 502; x_wconf 80' lang='lat' dir='ltr'><strong>ed.</strong></span> <span class='ocrx_word' id='word_1_12' title='bbox 865 451 980 502; x_wconf 69' lang='lat' dir='ltr'><strong>robob</strong></span> <span class='ocrx_word' id='word_1_13' title='bbox 1002 472 1038 487; x_wconf 88' lang='lat'><strong>-·</strong></span> <span class='ocrx_word' id='word_1_14' title='bbox 1067 445 1110 504; x_wconf 74' lang='lat' dir='ltr'><strong>Oi.</strong></span> <span class='ocrx_word' id='word_1_15' title='bbox 1127 446 1265 508; x_wconf 73' lang='lat' dir='ltr'><strong>supraad</strong></span> <span class='ocrx_word' id='word_1_16' title='bbox 1282 449 1341 496; x_wconf 79' lang='lat' dir='ltr'><strong>sat.</strong></span> 
     </span>
     <span class='ocr_line' id='line_1_3' title="bbox 274 530 1340 598; baseline -0.01 -8"><span class='ocrx_word' id='word_1_17' title='bbox 274 541 361 591; x_wconf 84' lang='lat' dir='ltr'><strong>inser.</strong></span> <span class='ocrx_word' id='word_1_18' title='bbox 397 541 521 590; x_wconf 76' lang='lat' dir='ltr'><strong>domolto</strong></span> <span class='ocrx_word' id='word_1_19' title='bbox 544 537 647 589; x_wconf 80' lang='lat' dir='ltr'><strong>rostro</strong></span> <span class='ocrx_word' id='word_1_20' title='bbox 669 537 784 588; x_wconf 79' lang='lat' dir='ltr'><strong>Prutrob.</strong></span> <span class='ocrx_word' id='word_1_21' title='bbox 822 536 892 587; x_wconf 82' lang='lat' dir='ltr'><strong>dena</strong></span> <span class='ocrx_word' id='word_1_22' title='bbox 910 535 1000 598; x_wconf 69' lang='lat' dir='ltr'><strong>‚asoa</strong></span> <span class='ocrx_word' id='word_1_23' title='bbox 1020 531 1160 585; x_wconf 79' lang='lat' dir='ltr'><strong>Laurenb.</strong></span> <span class='ocrx_word' id='word_1_24' title='bbox 1193 545 1218 579; x_wconf 86' lang='lat' dir='ltr'><strong>v.</strong></span> <span class='ocrx_word' id='word_1_25' title='bbox 1242 530 1340 589; x_wconf 68' lang='lat' dir='ltr'><strong>brolio,</strong></span> 
     </span>
     <span class='ocr_line' id='line_1_4' title="bbox 275 622 665 687; baseline -0.013 -13"><span class='ocrx_word' id='word_1_26' title='bbox 275 625 348 687; x_wconf 82' lang='lat' dir='ltr'><strong>quod</strong></span> <span class='ocrx_word' id='word_1_27' title='bbox 365 623 576 686; x_wconf 83' lang='lat' dir='ltr'><strong>praeferendum</strong></span> <span class='ocrx_word' id='word_1_28' title='bbox 595 622 665 671; x_wconf 83' lang='lat' dir='ltr'><strong>erat.</strong></span> 
     </span>
    </p>

    <p class='ocr_par' dir='ltr' id='par_1_3' title="bbox 276 695 1342 936">
     <span class='ocr_line' id='line_1_5' title="bbox 346 695 1342 769; baseline -0.008 -15"><span class='ocrx_word' id='word_1_29' title='bbox 346 705 371 754; x_wconf 75' lang='lat' dir='ltr'><strong>l.</strong></span> <span class='ocrx_word' id='word_1_30' title='bbox 406 708 458 769; x_wconf 86' lang='lat' dir='ltr'><strong>Ap.</strong></span> <span class='ocrx_word' id='word_1_31' title='bbox 476 707 547 756; x_wconf 76' lang='lat' dir='ltr'><strong>Non.</strong></span> <span class='ocrx_word' id='word_1_32' title='bbox 566 719 591 766; x_wconf 92' lang='lat' dir='ltr'><strong>p.</strong></span> <span class='ocrx_word' id='word_1_33' title='bbox 608 703 669 766; x_wconf 76' lang='grc'>195,</span> <span class='ocrx_word' id='word_1_34' title='bbox 685 703 726 752; x_wconf 76' lang='lat'><strong>8⁰.</strong></span> <span class='ocrx_word' id='word_1_35' title='bbox 746 717 772 752; x_wconf 81' lang='lat' dir='ltr'><strong>v.</strong></span> <span class='ocrx_word' id='word_1_36' title='bbox 791 699 890 766; x_wconf 75' lang='lat' dir='ltr'><strong>Gerra,</strong></span> <span class='ocrx_word' id='word_1_37' title='bbox 907 697 1066 749; x_wconf 82' lang='lat' dir='ltr'><strong>Masoulinl·</strong></span> <span class='ocrx_word' id='word_1_38' title='bbox 1083 724 1117 734; x_wconf 90' lang='lat'>-</span> <span class='ocrx_word' id='word_1_39' title='bbox 1132 699 1166 748; x_wconf 85' lang='lat' dir='ltr'><strong>V.</strong></span> <span class='ocrx_word' id='word_1_40' title='bbox 1186 710 1239 746; x_wconf 89' lang='lat' dir='ltr'><strong>nos</strong></span> <span class='ocrx_word' id='word_1_41' title='bbox 1257 695 1342 759; x_wconf 77' lang='lat' dir='ltr'><strong>suipra</strong></span> 
     </span>
     <span class='ocr_line' id='line_1_6' title="bbox 276 781 1341 853; baseline -0.009 -14"><span class='ocrx_word' id='word_1_42' title='bbox 276 789 305 839; x_wconf 91' lang='lat' dir='ltr'><strong>in</strong></span> <span class='ocrx_word' id='word_1_43' title='bbox 324 788 475 840; x_wconf 79' lang='lat' dir='ltr'><strong>Comment.</strong></span> <span class='ocrx_word' id='word_1_44' title='bbox 495 788 562 851; x_wconf 84' lang='lat' dir='ltr'><strong>cap.</strong></span> <span class='ocrx_word' id='word_1_45' title='bbox 577 789 632 853; x_wconf 90' lang='lat' dir='ltr'><strong>lll,</strong></span> <span class='ocrx_word' id='word_1_46' title='bbox 660 802 686 851; x_wconf 92' lang='lat' dir='ltr'><strong>p.</strong></span> <span class='ocrx_word' id='word_1_47' title='bbox 706 789 748 836; x_wconf 79' lang='grc'><strong>65.</strong></span> <span class='ocrx_word' id='word_1_48' title='bbox 767 799 808 848; x_wconf 84' lang='lat' dir='ltr'><strong>sp.</strong></span> <span class='ocrx_word' id='word_1_49' title='bbox 832 812 866 823; x_wconf 91' lang='lat'>—</span> <span class='ocrx_word' id='word_1_50' title='bbox 892 786 934 834; x_wconf 88' lang='lat' dir='ltr'><strong>De</strong></span> <span class='ocrx_word' id='word_1_51' title='bbox 953 781 1094 834; x_wconf 81' lang='lat' dir='ltr'><strong>sententia</strong></span> <span class='ocrx_word' id='word_1_52' title='bbox 1109 781 1260 845; x_wconf 66' lang='lat' dir='ltr'><strong>trementi</strong></span> <span class='ocrx_word' id='word_1_53' title='bbox 1276 781 1341 831; x_wconf 89' lang='lat' dir='ltr'><strong>nibil</strong></span> 
     </span>
     <span class='ocr_line' id='line_1_7' title="bbox 276 873 532 936; baseline 0.008 -14"><span class='ocrx_word' id='word_1_54' title='bbox 276 875 371 936; x_wconf 82' lang='lat' dir='ltr'><strong>potest</strong></span> <span class='ocrx_word' id='word_1_55' title='bbox 388 873 532 928; x_wconf 84' lang='lat' dir='ltr'><strong>constitui.</strong></span> 
     </span>
    </p>

    <p class='ocr_par' dir='ltr' id='par_1_4' title="bbox 274 951 1345 1260">
     <span class='ocr_line' id='line_1_8' title="bbox 343 951 1345 1019; baseline -0.009 -12"><span class='ocrx_word' id='word_1_56' title='bbox 343 957 367 1008; x_wconf 86' lang='grc'><strong>8.</strong></span> <span class='ocrx_word' id='word_1_57' title='bbox 403 960 454 1019; x_wconf 77' lang='lat' dir='ltr'><strong>Ap.</strong></span> <span class='ocrx_word' id='word_1_58' title='bbox 471 958 541 1006; x_wconf 89' lang='lat' dir='ltr'><strong>Non.</strong></span> <span class='ocrx_word' id='word_1_59' title='bbox 561 970 585 1018; x_wconf 83' lang='lat' dir='ltr'><strong>p,</strong></span> <span class='ocrx_word' id='word_1_60' title='bbox 603 955 666 1019; x_wconf 78' lang='lat' dir='ltr'><strong>toa,</strong></span> <span class='ocrx_word' id='word_1_61' title='bbox 693 955 733 1004; x_wconf 84' lang='grc'><strong>18.</strong></span> <span class='ocrx_word' id='word_1_62' title='bbox 752 967 779 1003; x_wconf 91' lang='lat' dir='ltr'><strong>v.</strong></span> <span class='ocrx_word' id='word_1_63' title='bbox 800 951 916 1011; x_wconf 79' lang='lat' dir='ltr'><strong>Qtraesti</strong></span> <span class='ocrx_word' id='word_1_64' title='bbox 935 962 986 1014; x_wconf 91' lang='lat' dir='ltr'><strong>pro</strong></span> <span class='ocrx_word' id='word_1_65' title='bbox 1006 953 1149 1011; x_wconf 78' lang='lat' dir='ltr'><strong>quaestus.</strong></span> <span class='ocrx_word' id='word_1_66' title='bbox 1184 960 1345 1014; x_wconf 81' lang='lat' dir='ltr'><strong>quoepro·</strong></span> 
     </span>
     <span class='ocr_line' id='line_1_9' title="bbox 274 1033 1344 1104; baseline -0.008 -13"><span class='ocrx_word' id='word_1_67' title='bbox 274 1041 342 1104; x_wconf 79' lang='lat' dir='ltr'><strong>pter</strong></span> <span class='ocrx_word' id='word_1_68' title='bbox 367 1039 453 1091; x_wconf 78' lang='lat' dir='ltr'><strong>codd.</strong></span> <span class='ocrx_word' id='word_1_69' title='bbox 475 1033 584 1090; x_wconf 87' lang='lat' dir='ltr'><strong>noviss.</strong></span> <span class='ocrx_word' id='word_1_70' title='bbox 610 1041 653 1089; x_wconf 84' lang='lat' dir='ltr'><strong>ed.</strong></span> <span class='ocrx_word' id='word_1_71' title='bbox 689 1047 832 1103; x_wconf 81' lang='lat' dir='ltr'><strong>qnaeper</strong></span> <span class='ocrx_word' id='word_1_72' title='bbox 854 1035 966 1096; x_wconf 84' lang='lat' dir='ltr'><strong>Popma.</strong></span> <span class='ocrx_word' id='word_1_73' title='bbox 1002 1035 1052 1097; x_wconf 82' lang='lat' dir='ltr'><strong>qut</strong></span> <span class='ocrx_word' id='word_1_74' title='bbox 1068 1045 1121 1097; x_wconf 81' lang='lat' dir='ltr'><strong>per</strong></span> <span class='ocrx_word' id='word_1_75' title='bbox 1143 1034 1222 1099; x_wconf 87' lang='lat' dir='ltr'><strong>Juu.‚</strong></span> <span class='ocrx_word' id='word_1_76' title='bbox 1253 1035 1344 1082; x_wconf 80' lang='lat' dir='ltr'><strong>Mero.</strong></span> 
     </span>
     <span class='ocr_line' id='line_1_10' title="bbox 277 1117 1344 1189; baseline -0.007 -15"><span class='ocrx_word' id='word_1_77' title='bbox 277 1125 458 1189; x_wconf 79' lang='lat' dir='ltr'><strong>quapropter·</strong></span> <span class='ocrx_word' id='word_1_78' title='bbox 481 1119 519 1186; x_wconf 89' lang='lat' dir='ltr'><strong>oj.</strong></span> <span class='ocrx_word' id='word_1_79' title='bbox 540 1125 635 1188; x_wconf 82' lang='lat' dir='ltr'><strong>Roth,</strong></span> <span class='ocrx_word' id='word_1_80' title='bbox 672 1124 746 1185; x_wconf 84' lang='lat' dir='ltr'><strong>quod</strong></span> <span class='ocrx_word' id='word_1_81' title='bbox 768 1119 933 1181; x_wconf 78' lang='lat' dir='ltr'><strong>recepimus.</strong></span> <span class='ocrx_word' id='word_1_82' title='bbox 966 1117 1052 1167; x_wconf 82' lang='lat' dir='ltr'><strong>lteier</strong></span> <span class='ocrx_word' id='word_1_83' title='bbox 1070 1119 1155 1168; x_wconf 81' lang='lat' dir='ltr'><strong>verba</strong></span> <span class='ocrx_word' id='word_1_84' title='bbox 1171 1117 1207 1169; x_wconf 84' lang='lat' dir='ltr'><strong>ad</strong></span> <span class='ocrx_word' id='word_1_85' title='bbox 1229 1117 1344 1167; x_wconf 80' lang='lat' dir='ltr'><strong>Prome-</strong></span> 
     </span>
     <span class='ocr_line' id='line_1_11' title="bbox 279 1191 1020 1260; baseline -0.001 -3"><span class='ocrx_word' id='word_1_86' title='bbox 279 1209 371 1258; x_wconf 89' lang='lat' dir='ltr'><strong>tbcurn</strong></span> <span class='ocrx_word' id='word_1_87' title='bbox 388 1207 513 1258; x_wconf 73' lang='lat' dir='ltr'><strong>bomine·</strong></span> <span class='ocrx_word' id='word_1_88' title='bbox 532 1191 714 1260; x_wconf 79' lang='lat' dir='ltr'><strong>fabricantem</strong></span> <span class='ocrx_word' id='word_1_89' title='bbox 731 1210 761 1256; x_wconf 90' lang='lat' dir='ltr'><strong>et</strong></span> <span class='ocrx_word' id='word_1_90' title='bbox 774 1204 857 1254; x_wconf 77' lang='lat' dir='ltr'><strong>iovis</strong></span> <span class='ocrx_word' id='word_1_91' title='bbox 876 1203 1020 1255; x_wconf 65' lang='lat' dir='ltr'><strong>aonidum.</strong></span> 
     </span>
    </p>

    <p class='ocr_par' dir='ltr' id='par_1_5' title="bbox 279 1283 1413 2527">
     <span class='ocr_line' id='line_1_12' title="bbox 347 1283 1347 1356; baseline -0.005 -16"><span class='ocrx_word' id='word_1_92' title='bbox 347 1291 371 1342; x_wconf 79' lang='grc'><strong>9.</strong></span> <span class='ocrx_word' id='word_1_93' title='bbox 404 1295 456 1354; x_wconf 83' lang='lat' dir='ltr'><strong>Ap.</strong></span> <span class='ocrx_word' id='word_1_94' title='bbox 472 1293 542 1342; x_wconf 86' lang='lat' dir='ltr'><strong>Non.</strong></span> <span class='ocrx_word' id='word_1_95' title='bbox 561 1305 587 1354; x_wconf 93' lang='lat' dir='ltr'><strong>p.</strong></span> <span class='ocrx_word' id='word_1_96' title='bbox 605 1292 647 1356; x_wconf 83' lang='lat'><strong>71,</strong></span> <span class='ocrx_word' id='word_1_97' title='bbox 664 1291 706 1339; x_wconf 70' lang='lat'><strong>22.</strong></span> <span class='ocrx_word' id='word_1_98' title='bbox 723 1303 750 1338; x_wconf 85' lang='lat' dir='ltr'><strong>v.</strong></span> <span class='ocrx_word' id='word_1_99' title='bbox 768 1285 940 1339; x_wconf 75' lang='lat' dir='ltr'><strong>Ariturlinenr</strong></span> <span class='ocrx_word' id='word_1_100' title='bbox 954 1298 1005 1346; x_wconf 92' lang='lat' dir='ltr'><strong>pro</strong></span> <span class='ocrx_word' id='word_1_101' title='bbox 1023 1283 1163 1334; x_wconf 74' lang='lat' dir='ltr'><strong>ariditate.</strong></span> <span class='ocrx_word' id='word_1_102' title='bbox 1182 1309 1218 1321; x_wconf 89' lang='lat'>-</span> <span class='ocrx_word' id='word_1_103' title='bbox 1234 1285 1347 1336; x_wconf 77' lang='lat' dir='ltr'><strong>liuore·</strong></span> 
     </span>
     <span class='ocr_line' id='line_1_13' title="bbox 279 1368 1348 1440; baseline -0.006 -14"><span class='ocrx_word' id='word_1_104' title='bbox 279 1386 385 1426; x_wconf 82' lang='lat' dir='ltr'><strong>norom</strong></span> <span class='ocrx_word' id='word_1_105' title='bbox 402 1377 546 1440; x_wconf 76' lang='lat' dir='ltr'><strong>peonnam</strong></span> <span class='ocrx_word' id='word_1_106' title='bbox 561 1388 588 1439; x_wconf 77' lang='lat' dir='ltr'><strong>p.</strong></span> <span class='ocrx_word' id='word_1_107' title='bbox 608 1377 643 1426; x_wconf 82' lang='lat' dir='ltr'><strong>rt.</strong></span> <span class='ocrx_word' id='word_1_108' title='bbox 663 1375 782 1440; x_wconf 72' lang='lat' dir='ltr'><strong>conpote</strong></span> <span class='ocrx_word' id='word_1_109' title='bbox 798 1371 885 1423; x_wconf 78' lang='lat' dir='ltr'><strong>cond.</strong></span> <span class='ocrx_word' id='word_1_110' title='bbox 920 1368 1169 1430; x_wconf 67' lang='lat' dir='ltr'><strong>normannia,</strong></span> <span class='ocrx_word' id='word_1_111' title='bbox 1182 1369 1248 1420; x_wconf 87' lang='lat' dir='ltr'><strong>Jun.</strong></span> <span class='ocrx_word' id='word_1_112' title='bbox 1284 1369 1348 1420; x_wconf 83' lang='lat' dir='ltr'><strong>llo·</strong></span> 
     </span>
     <span class='ocr_line' id='line_1_14' title="bbox 284 1453 1350 1524; baseline -0.008 -14"><span class='ocrx_word' id='word_1_113' title='bbox 284 1470 387 1510; x_wconf 77' lang='lat' dir='ltr'><strong>manoe</strong></span> <span class='ocrx_word' id='word_1_114' title='bbox 404 1485 439 1503; x_wconf 63' lang='grc' dir='ltr'><strong>-ι</strong></span> <span class='ocrx_word' id='word_1_115' title='bbox 456 1461 610 1524; x_wconf 70' lang='lat' dir='ltr'><em>concoquit</em></span> <span class='ocrx_word' id='word_1_116' title='bbox 628 1455 772 1522; x_wconf 79' lang='lat' dir='ltr'><strong>cj.soa1.,</strong></span> <span class='ocrx_word' id='word_1_117' title='bbox 788 1455 943 1518; x_wconf 61' lang='lat' dir='ltr'><strong>irenreut,</strong></span> <span class='ocrx_word' id='word_1_118' title='bbox 960 1454 1039 1514; x_wconf 83' lang='lat' dir='ltr'><strong>prob.</strong></span> <span class='ocrx_word' id='word_1_119' title='bbox 1058 1454 1139 1503; x_wconf 84' lang='lat' dir='ltr'><strong>Mero</strong></span> <span class='ocrx_word' id='word_1_120' title='bbox 1181 1453 1283 1502; x_wconf 76' lang='lat' dir='ltr'><strong>colore</strong></span> <span class='ocrx_word' id='word_1_121' title='bbox 1301 1454 1350 1503; x_wconf 76' lang='lat' dir='ltr'><strong>ot·</strong></span> 
     </span>
     <span class='ocr_line' id='line_1_15' title="bbox 283 1537 1349 1607; baseline -0.004 -15"><span class='ocrx_word' id='word_1_122' title='bbox 283 1554 336 1607; x_wconf 84' lang='lat' dir='ltr'><strong>poe</strong></span> <span class='ocrx_word' id='word_1_123' title='bbox 351 1543 470 1596; x_wconf 73' lang='lat' dir='ltr'><strong>horrore</strong></span> <span class='ocrx_word' id='word_1_124' title='bbox 490 1555 535 1594; x_wconf 85' lang='lat' dir='ltr'><strong>or.</strong></span> <span class='ocrx_word' id='word_1_125' title='bbox 553 1540 660 1596; x_wconf 74' lang='lat' dir='ltr'><strong>Miscet</strong></span> <span class='ocrx_word' id='word_1_126' title='bbox 681 1541 769 1594; x_wconf 79' lang='lat' dir='ltr'><strong>Cotti.</strong></span> <span class='ocrx_word' id='word_1_127' title='bbox 804 1541 903 1590; x_wconf 78' lang='lat' dir='ltr'><strong>calori</strong></span> <span class='ocrx_word' id='word_1_128' title='bbox 921 1540 1006 1602; x_wconf 60' lang='lat' dir='ltr'><strong>mone</strong></span> <span class='ocrx_word' id='word_1_129' title='bbox 1023 1538 1139 1588; x_wconf 67' lang='lat' dir='ltr'><strong>tonsori</strong></span> <span class='ocrx_word' id='word_1_130' title='bbox 1155 1549 1202 1588; x_wconf 85' lang='lat' dir='ltr'><strong>nr.</strong></span> <span class='ocrx_word' id='word_1_131' title='bbox 1218 1537 1349 1588; x_wconf 63' lang='lat' dir='ltr'><strong>mom</strong></span> 
     </span>
     <span class='ocr_line' id='line_1_16' title="bbox 281 1620 1348 1692; baseline -0.002 -18"><span class='ocrx_word' id='word_1_132' title='bbox 281 1622 320 1689; x_wconf 86' lang='lat' dir='ltr'><strong>cj.</strong></span> <span class='ocrx_word' id='word_1_133' title='bbox 338 1628 428 1692; x_wconf 71' lang='lat' dir='ltr'><strong>leat,</strong></span> <span class='ocrx_word' id='word_1_134' title='bbox 456 1628 596 1678; x_wconf 79' lang='lat' dir='ltr'><strong>baruenb.</strong></span> <span class='ocrx_word' id='word_1_135' title='bbox 630 1628 713 1676; x_wconf 86' lang='lat' dir='ltr'><strong>Varr.</strong></span> <span class='ocrx_word' id='word_1_136' title='bbox 734 1627 768 1675; x_wconf 82' lang='lat' dir='ltr'><strong>(le</strong></span> <span class='ocrx_word' id='word_1_137' title='bbox 786 1625 819 1675; x_wconf 73' lang='lat'><strong>1..</strong></span> <span class='ocrx_word' id='word_1_138' title='bbox 837 1623 870 1673; x_wconf 79' lang='grc' dir='ltr'><strong>Ι..</strong></span> <span class='ocrx_word' id='word_1_139' title='bbox 888 1623 929 1683; x_wconf 87' lang='lat' dir='ltr'><strong>V,</strong></span> <span class='ocrx_word' id='word_1_140' title='bbox 956 1621 998 1672; x_wconf 72' lang='lat'><strong>5⁰.</strong></span> <span class='ocrx_word' id='word_1_141' title='bbox 1019 1634 1076 1683; x_wconf 73' lang='lat' dir='ltr'><strong>sep:</strong></span> <span class='ocrx_word' id='word_1_142' title='bbox 1111 1620 1187 1686; x_wconf 78' lang='lat' dir='ltr'><strong>„Qui</strong></span> <span class='ocrx_word' id='word_1_143' title='bbox 1211 1622 1348 1672; x_wconf 85' lang='lat' dir='ltr'><strong>caldor-e</strong></span> 
     </span>
     <span class='ocr_line' id='line_1_17' title="bbox 283 1705 1350 1772; baseline -0.002 -14"><span class='ocrx_word' id='word_1_144' title='bbox 283 1710 381 1769; x_wconf 86' lang='lat' dir='ltr'><strong>caelo,</strong></span> <span class='ocrx_word' id='word_1_145' title='bbox 407 1711 480 1772; x_wconf 84' lang='lat' dir='ltr'><strong>quod</strong></span> <span class='ocrx_word' id='word_1_146' title='bbox 497 1710 541 1758; x_wconf 89' lang='lat' dir='ltr'><strong>blo</strong></span> <span class='ocrx_word' id='word_1_147' title='bbox 559 1709 776 1760; x_wconf 85' lang='lat' dir='ltr'><strong>innumerabiles</strong></span> <span class='ocrx_word' id='word_1_148' title='bbox 794 1721 830 1761; x_wconf 85' lang='lat' dir='ltr'><strong>ao</strong></span> <span class='ocrx_word' id='word_1_149' title='bbox 850 1706 1023 1759; x_wconf 67' lang='lat' dir='ltr'><strong>inmortales</strong></span> <span class='ocrx_word' id='word_1_150' title='bbox 1039 1705 1120 1767; x_wconf 76' lang='lat' dir='ltr'><strong>ignes</strong></span> <span class='ocrx_word' id='word_1_151' title='bbox 1125 1719 1136 1767; x_wconf 80' lang='lat'>3</span> <span class='ocrx_word' id='word_1_152' title='bbox 1168 1705 1264 1767; x_wconf 77' lang='lat' dir='ltr'><strong>itaque</strong></span> <span class='ocrx_word' id='word_1_153' title='bbox 1283 1707 1350 1767; x_wconf 86' lang='lat' dir='ltr'><strong>lipi-</strong></span> 
     </span>
     <span class='ocr_line' id='line_1_18' title="bbox 282 1788 1348 1852; baseline -0.001 -12"><span class='ocrx_word' id='word_1_154' title='bbox 282 1791 410 1842; x_wconf 83' lang='lat' dir='ltr'><strong>obarnrus</strong></span> <span class='ocrx_word' id='word_1_155' title='bbox 438 1795 493 1850; x_wconf 84' lang='lat' dir='ltr'><strong>(so.</strong></span> <span class='ocrx_word' id='word_1_156' title='bbox 509 1792 605 1851; x_wconf 80' lang='lat' dir='ltr'><strong>linnli)</strong></span> <span class='ocrx_word' id='word_1_157' title='bbox 629 1794 662 1843; x_wconf 85' lang='lat' dir='ltr'><strong>de</strong></span> <span class='ocrx_word' id='word_1_158' title='bbox 685 1795 777 1842; x_wconf 85' lang='lat' dir='ltr'><strong>mente</strong></span> <span class='ocrx_word' id='word_1_159' title='bbox 800 1793 919 1841; x_wconf 85' lang='lat' dir='ltr'><strong>bumana</strong></span> <span class='ocrx_word' id='word_1_160' title='bbox 941 1789 1008 1839; x_wconf 82' lang='lat' dir='ltr'><strong>dicit</strong></span> <span class='ocrx_word' id='word_1_161' title='bbox 1028 1788 1108 1841; x_wconf 84' lang='lat' dir='ltr'><strong>istic:</strong></span> <span class='ocrx_word' id='word_1_162' title='bbox 1143 1791 1216 1852; x_wconf 79' lang='lat' dir='ltr'><strong>„Est</strong></span> <span class='ocrx_word' id='word_1_163' title='bbox 1233 1790 1268 1838; x_wconf 87' lang='lat' dir='ltr'><strong>de</strong></span> <span class='ocrx_word' id='word_1_164' title='bbox 1286 1790 1348 1839; x_wconf 87' lang='lat' dir='ltr'><strong>sole</strong></span> 
     </span>
     <span class='ocr_line' id='line_1_19' title="bbox 282 1872 1350 1939; baseline 0 -17"><span class='ocrx_word' id='word_1_165' title='bbox 282 1875 407 1934; x_wconf 84' lang='lat' dir='ltr'><strong>sumptus</strong></span> <span class='ocrx_word' id='word_1_166' title='bbox 425 1874 516 1938; x_wconf 84' lang='lat' dir='ltr'><strong>ignis,</strong></span> <span class='ocrx_word' id='word_1_167' title='bbox 539 1876 621 1939; x_wconf 84' lang='lat' dir='ltr'><strong>isque</strong></span> <span class='ocrx_word' id='word_1_168' title='bbox 639 1878 715 1928; x_wconf 85' lang='lat' dir='ltr'><strong>totus</strong></span> <span class='ocrx_word' id='word_1_169' title='bbox 732 1875 833 1926; x_wconf 85' lang='lat' dir='ltr'><strong>urentis</strong></span> <span class='ocrx_word' id='word_1_170' title='bbox 850 1873 931 1937; x_wconf 77' lang='lat' dir='ltr'><strong>ert“,</strong></span> <span class='ocrx_word' id='word_1_171' title='bbox 954 1877 985 1924; x_wconf 90' lang='lat' dir='ltr'><strong>ut</strong></span> <span class='ocrx_word' id='word_1_172' title='bbox 1001 1873 1131 1926; x_wconf 77' lang='lat' dir='ltr'><strong>humores</strong></span> <span class='ocrx_word' id='word_1_173' title='bbox 1147 1872 1269 1935; x_wconf 78' lang='lat' dir='ltr'><strong>trigidae</strong></span> <span class='ocrx_word' id='word_1_174' title='bbox 1284 1876 1350 1923; x_wconf 90' lang='lat' dir='ltr'><strong>sunt</strong></span> 
     </span>
     <span class='ocr_line' id='line_1_20' title="bbox 280 1955 1351 2022; baseline 0 -16"><span class='ocrx_word' id='word_1_175' title='bbox 280 1955 368 2022; x_wconf 82' lang='lat' dir='ltr'><strong>hunni,</strong></span> <span class='ocrx_word' id='word_1_176' title='bbox 400 1960 431 2006; x_wconf 89' lang='lat' dir='ltr'><strong>ut</strong></span> <span class='ocrx_word' id='word_1_177' title='bbox 454 1970 540 2020; x_wconf 79' lang='lat' dir='ltr'><strong>supra</strong></span> <span class='ocrx_word' id='word_1_178' title='bbox 562 1959 682 2010; x_wconf 80' lang='lat' dir='ltr'><strong>ostendi.</strong></span> <span class='ocrx_word' id='word_1_179' title='bbox 719 1958 825 2018; x_wconf 76' lang='lat' dir='ltr'><strong>Quibus</strong></span> <span class='ocrx_word' id='word_1_180' title='bbox 843 1955 954 2022; x_wconf 86' lang='lat' dir='ltr'><strong>junctis</strong></span> <span class='ocrx_word' id='word_1_181' title='bbox 977 1957 1083 2006; x_wconf 80' lang='lat' dir='ltr'><strong>caelum</strong></span> <span class='ocrx_word' id='word_1_182' title='bbox 1104 1958 1137 2004; x_wconf 87' lang='lat' dir='ltr'><strong>et</strong></span> <span class='ocrx_word' id='word_1_183' title='bbox 1157 1958 1236 2006; x_wconf 80' lang='lat' dir='ltr'><strong>terra</strong></span> <span class='ocrx_word' id='word_1_184' title='bbox 1256 1957 1351 2006; x_wconf 77' lang='lat' dir='ltr'><strong>onnia</strong></span> 
     </span>
     <span class='ocr_line' id='line_1_21' title="bbox 284 2039 1351 2107; baseline 0.001 -17"><span class='ocrx_word' id='word_1_185' title='bbox 284 2044 487 2107; x_wconf 56' lang='lat' dir='ltr'><strong>emeruerunt,</strong></span> <span class='ocrx_word' id='word_1_186' title='bbox 504 2043 578 2104; x_wconf 86' lang='lat' dir='ltr'><strong>quod</strong></span> <span class='ocrx_word' id='word_1_187' title='bbox 595 2054 646 2104; x_wconf 88' lang='lat' dir='ltr'><strong>per</strong></span> <span class='ocrx_word' id='word_1_188' title='bbox 663 2044 715 2092; x_wconf 81' lang='lat' dir='ltr'><strong>boe</strong></span> <span class='ocrx_word' id='word_1_189' title='bbox 734 2044 852 2092; x_wconf 75' lang='lat' dir='ltr'><strong>natum:</strong></span> <span class='ocrx_word' id='word_1_190' title='bbox 875 2040 1041 2106; x_wconf 74' lang='lat' dir='ltr'><strong>„Frigori</strong></span> <span class='ocrx_word' id='word_1_191' title='bbox 1057 2039 1176 2088; x_wconf 87' lang='lat' dir='ltr'><strong>misoet</strong></span> <span class='ocrx_word' id='word_1_192' title='bbox 1194 2041 1351 2091; x_wconf 81' lang='lat' dir='ltr'><strong>calorem</strong></span> 
     </span>
     <span class='ocr_line' id='line_1_22' title="bbox 283 2124 1352 2187; baseline 0 -13"><span class='ocrx_word' id='word_1_193' title='bbox 283 2127 392 2187; x_wconf 85' lang='lat' dir='ltr'><strong>atque</strong></span> <span class='ocrx_word' id='word_1_194' title='bbox 409 2126 546 2180; x_wconf 75' lang='lat' dir='ltr'><strong>humori</strong></span> <span class='ocrx_word' id='word_1_195' title='bbox 564 2124 807 2178; x_wconf 86' lang='lat' dir='ltr'><strong>aritudinern“.</strong></span> <span class='ocrx_word' id='word_1_196' title='bbox 822 2151 857 2162; x_wconf 83' lang='lat'>-</span> <span class='ocrx_word' id='word_1_197' title='bbox 874 2125 1070 2177; x_wconf 72' lang='lat' dir='ltr'><strong>varronianae</strong></span> <span class='ocrx_word' id='word_1_198' title='bbox 1086 2126 1203 2175; x_wconf 78' lang='lat' dir='ltr'><strong>Saturae</strong></span> <span class='ocrx_word' id='word_1_199' title='bbox 1221 2124 1257 2174; x_wconf 77' lang='lat' dir='ltr'><strong>tr.</strong></span> <span class='ocrx_word' id='word_1_200' title='bbox 1273 2126 1352 2174; x_wconf 84' lang='lat' dir='ltr'><strong>reier</strong></span> 
     </span>
     <span class='ocr_line' id='line_1_23' title="bbox 282 2207 1350 2268; baseline -0.001 -9"><span class='ocrx_word' id='word_1_201' title='bbox 282 2209 382 2261; x_wconf 83' lang='lat' dir='ltr'><strong>iterum</strong></span> <span class='ocrx_word' id='word_1_202' title='bbox 404 2211 440 2261; x_wconf 82' lang='lat' dir='ltr'><strong>ad</strong></span> <span class='ocrx_word' id='word_1_203' title='bbox 464 2209 656 2263; x_wconf 78' lang='lat' dir='ltr'>Prometheum</span> <span class='ocrx_word' id='word_1_204' title='bbox 679 2210 815 2262; x_wconf 79' lang='lat' dir='ltr'><strong>bominum</strong></span> <span class='ocrx_word' id='word_1_205' title='bbox 841 2210 1049 2260; x_wconf 72' lang='lat' dir='ltr'><strong>fabricatorem.</strong></span> <span class='ocrx_word' id='word_1_206' title='bbox 1068 2235 1102 2246; x_wconf 89' lang='lat'><em>-</em></span> <span class='ocrx_word' id='word_1_207' title='bbox 1122 2209 1154 2257; x_wconf 70' lang='lat' dir='ltr'><strong>il.</strong></span> <span class='ocrx_word' id='word_1_208' title='bbox 1176 2207 1287 2258; x_wconf 79' lang='lat' dir='ltr'><strong>tiranni</strong></span> <span class='ocrx_word' id='word_1_209' title='bbox 1309 2209 1350 2268; x_wconf 83' lang='lat' dir='ltr'><strong>(in</strong></span> 
     </span>
     <span class='ocr_line' id='line_1_24' title="bbox 282 2288 1349 2358; baseline -0.002 -15"><span class='ocrx_word' id='word_1_210' title='bbox 282 2291 360 2343; x_wconf 82' lang='lat' dir='ltr'><strong>Diar.</strong></span> <span class='ocrx_word' id='word_1_211' title='bbox 379 2293 434 2344; x_wconf 82' lang='lat' dir='ltr'><strong>uit.</strong></span> <span class='ocrx_word' id='word_1_212' title='bbox 453 2294 516 2344; x_wconf 81' lang='lat' dir='ltr'><strong>llal.</strong></span> <span class='ocrx_word' id='word_1_213' title='bbox 533 2295 607 2346; x_wconf 78' lang='lat' dir='ltr'><strong>rata</strong></span> <span class='ocrx_word' id='word_1_214' title='bbox 623 2295 711 2356; x_wconf 85' lang='lat' dir='ltr'><strong>suppl.</strong></span> <span class='ocrx_word' id='word_1_215' title='bbox 728 2309 755 2357; x_wconf 90' lang='lat' dir='ltr'><strong>p.</strong></span> <span class='ocrx_word' id='word_1_216' title='bbox 772 2294 862 2358; x_wconf 73' lang='lat' dir='ltr'><strong>tat),</strong></span> <span class='ocrx_word' id='word_1_217' title='bbox 883 2293 952 2344; x_wconf 77' lang='lat' dir='ltr'><strong>(iod.</strong></span> <span class='ocrx_word' id='word_1_218' title='bbox 970 2295 1024 2343; x_wconf 79' lang='lat' dir='ltr'><strong>Me.</strong></span> <span class='ocrx_word' id='word_1_219' title='bbox 1043 2293 1128 2343; x_wconf 81' lang='lat' dir='ltr'><strong>Fabri</strong></span> <span class='ocrx_word' id='word_1_220' title='bbox 1144 2288 1200 2341; x_wconf 82' lang='lat' dir='ltr'><strong>fide</strong></span> <span class='ocrx_word' id='word_1_221' title='bbox 1217 2305 1349 2354; x_wconf 80' lang='lat' dir='ltr'><strong>perquam</strong></span> 
     </span>
     <span class='ocr_line' id='line_1_25' title="bbox 282 2375 1413 2443; baseline -0.002 -16"><span class='ocrx_word' id='word_1_222' title='bbox 282 2383 529 2441; x_wconf 73' lang='lat' dir='ltr'><strong>suspectaparum</strong></span> <span class='ocrx_word' id='word_1_223' title='bbox 551 2378 811 2441; x_wconf 70' lang='lat' dir='ltr'><strong>contemnentis,</strong></span> <span class='ocrx_word' id='word_1_224' title='bbox 836 2375 1016 2443; x_wconf 82' lang='lat' dir='ltr'><strong>conjecture,</strong></span> <span class='ocrx_word' id='word_1_225' title='bbox 1042 2391 1097 2440; x_wconf 83' lang='lat' dir='ltr'><strong>qna</strong></span> <span class='ocrx_word' id='word_1_226' title='bbox 1121 2376 1220 2426; x_wconf 81' lang='lat' dir='ltr'><strong>statuit</strong></span> <span class='ocrx_word' id='word_1_227' title='bbox 1243 2378 1297 2427; x_wconf 91' lang='lat' dir='ltr'><strong>boo</strong></span> <span class='ocrx_word' id='word_1_228' title='bbox 1312 2377 1347 2426; x_wconf 83' lang='lat' dir='ltr'><strong>ir.</strong></span> <span class='ocrx_word' id='word_1_229' title='bbox 1410 2411 1413 2418; x_wconf 82' lang='grc'><strong>.</strong></span> 
     </span>
     <span class='ocr_line' id='line_1_26' title="bbox 284 2459 1351 2527; baseline -0.001 -15"><span class='ocrx_word' id='word_1_230' title='bbox 284 2463 422 2513; x_wconf 85' lang='lat' dir='ltr'><strong>Varronis</strong></span> <span class='ocrx_word' id='word_1_231' title='bbox 438 2463 578 2524; x_wconf 89' lang='lat' dir='ltr'><strong>pertinere</strong></span> <span class='ocrx_word' id='word_1_232' title='bbox 598 2464 633 2513; x_wconf 87' lang='lat' dir='ltr'><strong>ad</strong></span> <span class='ocrx_word' id='word_1_233' title='bbox 647 2463 737 2514; x_wconf 80' lang='lat' dir='ltr'><strong>libror</strong></span> <span class='ocrx_word' id='word_1_234' title='bbox 753 2461 817 2527; x_wconf 78' lang='lat' dir='ltr'><strong>ejus</strong></span> <span class='ocrx_word' id='word_1_235' title='bbox 832 2464 896 2513; x_wconf 79' lang='lat' dir='ltr'><strong>Ber.</strong></span> <span class='ocrx_word' id='word_1_236' title='bbox 914 2464 1003 2525; x_wconf 65' lang='lat' dir='ltr'><strong>llum„</strong></span> <span class='ocrx_word' id='word_1_237' title='bbox 1020 2461 1115 2523; x_wconf 81' lang='lat' dir='ltr'><strong>inepta</strong></span> <span class='ocrx_word' id='word_1_238' title='bbox 1130 2462 1160 2511; x_wconf 92' lang='lat' dir='ltr'><strong>et</strong></span> <span class='ocrx_word' id='word_1_239' title='bbox 1177 2459 1256 2511; x_wconf 86' lang='lat' dir='ltr'><strong>nibili</strong></span> <span class='ocrx_word' id='word_1_240' title='bbox 1269 2473 1351 2522; x_wconf 90' lang='lat' dir='ltr'><strong>pror·</strong></span> 
     </span>
    </p>
   </div>
   <div class='ocr_carea' id='block_1_3' title="bbox 180 2540 558 2597">
    <p class='ocr_par' dir='ltr' id='par_1_6' title="bbox 180 2540 558 2597">
     <span class='ocr_line' id='line_1_27' title="bbox 180 2540 558 2597; baseline 0 -2"><span class='ocrx_word' id='word_1_241' title='bbox 180 2562 182 2567; x_wconf 95' lang='lat'>·</span> <span class='ocrx_word' id='word_1_242' title='bbox 286 2558 336 2597; x_wconf 84' lang='lat' dir='ltr'><strong>sus</strong></span> <span class='ocrx_word' id='word_1_243' title='bbox 358 2540 488 2597; x_wconf 81' lang='lat' dir='ltr'><strong>iacienda</strong></span> <span class='ocrx_word' id='word_1_244' title='bbox 504 2549 558 2597; x_wconf 89' lang='lat' dir='ltr'><strong>est.</strong></span> 
     </span>
    </p>
   </div>
   <div class='ocr_carea' id='block_1_4' title="bbox 285 2627 1353 2944">
    <p class='ocr_par' dir='ltr' id='par_1_7' title="bbox 285 2627 1353 2944">
     <span class='ocr_line' id='line_1_28' title="bbox 353 2627 1353 2695; baseline 0.002 -18"><span class='ocrx_word' id='word_1_245' title='bbox 353 2630 394 2680; x_wconf 81' lang='lat'><strong>10.</strong></span> <span class='ocrx_word' id='word_1_246' title='bbox 430 2633 481 2693; x_wconf 85' lang='lat' dir='ltr'><strong>Ap.</strong></span> <span class='ocrx_word' id='word_1_247' title='bbox 499 2632 569 2681; x_wconf 84' lang='lat' dir='ltr'><strong>Non.</strong></span> <span class='ocrx_word' id='word_1_248' title='bbox 587 2644 614 2692; x_wconf 87' lang='lat' dir='ltr'><strong>p.</strong></span> <span class='ocrx_word' id='word_1_249' title='bbox 632 2630 698 2695; x_wconf 68' lang='lat'><strong>217„</strong></span> <span class='ocrx_word' id='word_1_250' title='bbox 721 2631 763 2679; x_wconf 74' lang='lat'><strong>28.</strong></span> <span class='ocrx_word' id='word_1_251' title='bbox 782 2644 809 2678; x_wconf 80' lang='lat' dir='ltr'><strong>v.</strong></span> <span class='ocrx_word' id='word_1_252' title='bbox 827 2627 970 2679; x_wconf 74' lang='lat' dir='ltr'><strong>Ponticam</strong></span> <span class='ocrx_word' id='word_1_253' title='bbox 985 2654 1021 2668; x_wconf 89' lang='lat'><strong>-·</strong></span> <span class='ocrx_word' id='word_1_254' title='bbox 1037 2630 1153 2679; x_wconf 80' lang='lat' dir='ltr'><strong>Neutro.</strong></span> <span class='ocrx_word' id='word_1_255' title='bbox 1171 2654 1202 2665; x_wconf 90' lang='lat'>—</span> <span class='ocrx_word' id='word_1_256' title='bbox 1226 2630 1353 2679; x_wconf 61' lang='lat' dir='ltr'><strong>afflat</strong></span> 
     </span>
     <span class='ocr_line' id='line_1_29' title="bbox 285 2710 1350 2777; baseline 0.002 -16"><span class='ocrx_word' id='word_1_257' title='bbox 285 2710 371 2763; x_wconf 77' lang='lat' dir='ltr'><strong>codd.</strong></span> <span class='ocrx_word' id='word_1_258' title='bbox 394 2715 528 2777; x_wconf 77' lang='lat' dir='ltr'><strong>plerique.</strong></span> <span class='ocrx_word' id='word_1_259' title='bbox 565 2716 700 2767; x_wconf 78' lang='lat' dir='ltr'><strong>coierunt</strong></span> <span class='ocrx_word' id='word_1_260' title='bbox 719 2715 836 2775; x_wconf 83' lang='lat' dir='ltr'><strong>praebet</strong></span> <span class='ocrx_word' id='word_1_261' title='bbox 858 2710 925 2761; x_wconf 81' lang='lat' dir='ltr'><strong>Coo.</strong></span> <span class='ocrx_word' id='word_1_262' title='bbox 950 2713 1058 2775; x_wconf 63' lang='lat' dir='ltr'><strong>bugd„</strong></span> <span class='ocrx_word' id='word_1_263' title='bbox 1084 2713 1128 2762; x_wconf 86' lang='lat' dir='ltr'><strong>ed.</strong></span> <span class='ocrx_word' id='word_1_264' title='bbox 1150 2713 1215 2762; x_wconf 73' lang='grc' dir='ltr'><strong>ΑΜ.</strong></span> <span class='ocrx_word' id='word_1_265' title='bbox 1237 2715 1267 2761; x_wconf 89' lang='lat' dir='ltr'><strong>et</strong></span> <span class='ocrx_word' id='word_1_266' title='bbox 1287 2715 1350 2763; x_wconf 86' lang='lat' dir='ltr'><strong>Jnn.</strong></span> 
     </span>
     <span class='ocr_line' id='line_1_30' title="bbox 285 2793 1351 2861; baseline 0.001 -16"><span class='ocrx_word' id='word_1_267' title='bbox 285 2798 402 2847; x_wconf 76' lang='lat' dir='ltr'><strong>coirent</strong></span> <span class='ocrx_word' id='word_1_268' title='bbox 416 2794 452 2860; x_wconf 90' lang='lat' dir='ltr'><strong>oj.</strong></span> <span class='ocrx_word' id='word_1_269' title='bbox 468 2799 549 2847; x_wconf 84' lang='lat' dir='ltr'><strong>iiotb.</strong></span> <span class='ocrx_word' id='word_1_270' title='bbox 567 2798 677 2859; x_wconf 79' lang='lat' dir='ltr'><strong>optime.</strong></span> <span class='ocrx_word' id='word_1_271' title='bbox 713 2799 824 2849; x_wconf 81' lang='lat' dir='ltr'><strong>voltum</strong></span> <span class='ocrx_word' id='word_1_272' title='bbox 836 2794 897 2857; x_wconf 80' lang='lat' dir='ltr'><strong>sect</strong></span> <span class='ocrx_word' id='word_1_273' title='bbox 915 2793 1000 2845; x_wconf 79' lang='lat' dir='ltr'><strong>(ioid.</strong></span> <span class='ocrx_word' id='word_1_274' title='bbox 1017 2795 1169 2847; x_wconf 75' lang='lat' dir='ltr'><strong>novissimo</strong></span> <span class='ocrx_word' id='word_1_275' title='bbox 1185 2795 1290 2846; x_wconf 86' lang='lat' dir='ltr'><strong>collati.</strong></span> <span class='ocrx_word' id='word_1_276' title='bbox 1324 2810 1351 2861; x_wconf 83' lang='lat' dir='ltr'><strong>p.</strong></span> 
     </span>
     <span class='ocr_line' id='line_1_31' title="bbox 286 2874 1350 2944; baseline 0.004 -17"><span class='ocrx_word' id='word_1_277' title='bbox 286 2876 440 2939; x_wconf 81' lang='lat' dir='ltr'><strong>eoollefeot</strong></span> <span class='ocrx_word' id='word_1_278' title='bbox 455 2882 544 2929; x_wconf 82' lang='lat' dir='ltr'><strong>Mero.</strong></span> <span class='ocrx_word' id='word_1_279' title='bbox 579 2882 685 2931; x_wconf 80' lang='lat' dir='ltr'><strong>collem</strong></span> <span class='ocrx_word' id='word_1_280' title='bbox 698 2878 760 2941; x_wconf 81' lang='lat' dir='ltr'><strong>feci</strong></span> <span class='ocrx_word' id='word_1_281' title='bbox 783 2881 923 2932; x_wconf 83' lang='lat' dir='ltr'><strong>baurenb.</strong></span> <span class='ocrx_word' id='word_1_282' title='bbox 957 2881 1054 2930; x_wconf 82' lang='lat' dir='ltr'><strong>Recte.</strong></span> <span class='ocrx_word' id='word_1_283' title='bbox 1090 2881 1223 2931; x_wconf 70' lang='lat' dir='ltr'><strong>connum</strong></span> <span class='ocrx_word' id='word_1_284' title='bbox 1235 2874 1350 2944; x_wconf 75' lang='lat' dir='ltr'><strong>feot&#39;cj.</strong></span> 
     </span>
    </p>
   </div>
   <div class='ocr_carea' id='block_1_5' title="bbox 285 2960 1456 3026">
    <p class='ocr_par' dir='ltr' id='par_1_8' title="bbox 285 2960 1456 3026">
     <span class='ocr_line' id='line_1_32' title="bbox 285 2960 1456 3026; baseline 0.003 -14"><span class='ocrx_word' id='word_1_285' title='bbox 285 2960 393 3012; x_wconf 77' lang='lat' dir='ltr'><strong>Rubnlr.</strong></span> <span class='ocrx_word' id='word_1_286' title='bbox 429 2960 487 3011; x_wconf 81' lang='lat' dir='ltr'><strong>Por</strong></span> <span class='ocrx_word' id='word_1_287' title='bbox 503 2963 647 3024; x_wconf 76' lang='lat' dir='ltr'><strong>poeticam</strong></span> <span class='ocrx_word' id='word_1_288' title='bbox 665 2964 691 3013; x_wconf 91' lang='lat' dir='ltr'><strong>b.</strong></span> <span class='ocrx_word' id='word_1_289' title='bbox 709 2975 735 3011; x_wconf 88' lang='lat' dir='ltr'><strong>e.</strong></span> <span class='ocrx_word' id='word_1_290' title='bbox 751 2974 803 3024; x_wconf 89' lang='lat' dir='ltr'><strong>per</strong></span> <span class='ocrx_word' id='word_1_291' title='bbox 820 2964 955 3023; x_wconf 82' lang='lat' dir='ltr'><strong>podicem.</strong></span> <span class='ocrx_word' id='word_1_292' title='bbox 990 2966 1057 3015; x_wconf 83' lang='lat' dir='ltr'><strong>Nan</strong></span> <span class='ocrx_word' id='word_1_293' title='bbox 1076 2965 1164 3014; x_wconf 79' lang='lat' dir='ltr'><strong>uerba</strong></span> <span class='ocrx_word' id='word_1_294' title='bbox 1181 2970 1250 3015; x_wconf 85' lang='lat' dir='ltr'><strong>sunt</strong></span> <span class='ocrx_word' id='word_1_295' title='bbox 1263 2964 1350 3026; x_wconf 83' lang='lat' dir='ltr'><strong>ipsius</strong></span> <span class='ocrx_word' id='word_1_296' title='bbox 1455 2977 1456 3006; x_wconf 56' lang='grc' dir='ltr'>ι</span> 
     </span>
    </p>
   </div>
   <div class='ocr_carea' id='block_1_6' title="bbox 285 3042 1351 3109">
    <p class='ocr_par' dir='ltr' id='par_1_9' title="bbox 285 3042 1351 3109">
     <span class='ocr_line' id='line_1_33' title="bbox 285 3042 1351 3109; baseline 0.004 -16"><span class='ocrx_word' id='word_1_297' title='bbox 285 3042 444 3095; x_wconf 78' lang='lat' dir='ltr'><strong>Promethei</strong></span> <span class='ocrx_word' id='word_1_298' title='bbox 462 3044 662 3109; x_wconf 84' lang='lat' dir='ltr'><strong>describentis,</strong></span> <span class='ocrx_word' id='word_1_299' title='bbox 698 3047 835 3108; x_wconf 80' lang='lat' dir='ltr'><strong>quomodo</strong></span> <span class='ocrx_word' id='word_1_300' title='bbox 855 3048 980 3098; x_wconf 84' lang='lat' dir='ltr'><strong>homines</strong></span> <span class='ocrx_word' id='word_1_301' title='bbox 998 3049 1162 3099; x_wconf 79' lang='lat' dir='ltr'><strong>elolaverit.</strong></span> <span class='ocrx_word' id='word_1_302' title='bbox 1183 3074 1218 3087; x_wconf 90' lang='grc'><strong>-</strong></span> <span class='ocrx_word' id='word_1_303' title='bbox 1238 3048 1351 3098; x_wconf 78' lang='lat' dir='ltr'><strong>Erravit</strong></span> 
     </span>
    </p>
   </div>
   <div class='ocr_carea' id='block_1_7' title="bbox 285 3099 1456 3193">
    <p class='ocr_par' dir='ltr' id='par_1_10' title="bbox 285 3099 1456 3193">
     <span class='ocr_line' id='line_1_34' title="bbox 285 3099 1456 3193; baseline 0.004 -16"><span class='ocrx_word' id='word_1_304' title='bbox 285 3129 358 3177; x_wconf 89' lang='lat' dir='ltr'><strong>buno</strong></span> <span class='ocrx_word' id='word_1_305' title='bbox 374 3128 468 3177; x_wconf 85' lang='lat' dir='ltr'><strong>locum</strong></span> <span class='ocrx_word' id='word_1_306' title='bbox 484 3128 623 3179; x_wconf 82' lang='lat' dir='ltr'><strong>Varronis</strong></span> <span class='ocrx_word' id='word_1_307' title='bbox 641 3130 675 3179; x_wconf 88' lang='lat' dir='ltr'><strong>ad</strong></span> <span class='ocrx_word' id='word_1_308' title='bbox 693 3143 747 3181; x_wconf 86' lang='lat' dir='ltr'><strong>sua</strong></span> <span class='ocrx_word' id='word_1_309' title='bbox 763 3132 905 3193; x_wconf 73' lang='lat' dir='ltr'><strong>probantia</strong></span> <span class='ocrx_word' id='word_1_310' title='bbox 925 3132 1018 3181; x_wconf 82' lang='lat' dir='ltr'><strong>citans</strong></span> <span class='ocrx_word' id='word_1_311' title='bbox 1036 3133 1189 3181; x_wconf 83' lang='lat' dir='ltr'><strong>Muellerus</strong></span> <span class='ocrx_word' id='word_1_312' title='bbox 1212 3133 1249 3181; x_wconf 78' lang='lat' dir='ltr'><strong>ari</strong></span> <span class='ocrx_word' id='word_1_313' title='bbox 1267 3133 1352 3182; x_wconf 79' lang='lat' dir='ltr'><strong>liest-</strong></span> <span class='ocrx_word' id='word_1_314' title='bbox 1455 3099 1456 3190; x_wconf 44' lang='lat' dir='ltr'><strong>ff</strong></span> 
     </span>
    </p>
   </div>
   <div class='ocr_carea' id='block_1_8' title="bbox 285 3212 706 3274">
    <p class='ocr_par' dir='ltr' id='par_1_11' title="bbox 285 3212 706 3274">
     <span class='ocr_line' id='line_1_35' title="bbox 285 3212 706 3274; baseline 0.014 -13"><span class='ocrx_word' id='word_1_315' title='bbox 285 3213 375 3263; x_wconf 82' lang='lat' dir='ltr'><strong>Pauli.</strong></span> <span class='ocrx_word' id='word_1_316' title='bbox 391 3226 418 3274; x_wconf 88' lang='lat' dir='ltr'><strong>p.</strong></span> <span class='ocrx_word' id='word_1_317' title='bbox 437 3212 496 3263; x_wconf 72' lang='lat' dir='ltr'><strong>bil.</strong></span> <span class='ocrx_word' id='word_1_318' title='bbox 515 3226 542 3262; x_wconf 88' lang='lat' dir='ltr'><strong>v.</strong></span> <span class='ocrx_word' id='word_1_319' title='bbox 558 3214 706 3267; x_wconf 82' lang='lat' dir='ltr'><strong>Vallescit.</strong></span> 
     </span>
    </p>
   </div>
   <div class='ocr_carea' id='block_1_9' title="bbox 287 3265 1456 3456">
    <p class='ocr_par' dir='ltr' id='par_1_12' title="bbox 287 3265 1456 3456">
     <span class='ocr_line' id='line_1_36' title="bbox 353 3265 1456 3364; baseline 0.002 -18"><span class='ocrx_word' id='word_1_320' title='bbox 353 3295 394 3347; x_wconf 87' lang='lat'><strong>11.</strong></span> <span class='ocrx_word' id='word_1_321' title='bbox 432 3300 482 3358; x_wconf 80' lang='lat' dir='ltr'><strong>Ap.</strong></span> <span class='ocrx_word' id='word_1_322' title='bbox 507 3298 578 3349; x_wconf 86' lang='lat' dir='ltr'><strong>Non.</strong></span> <span class='ocrx_word' id='word_1_323' title='bbox 604 3312 629 3359; x_wconf 94' lang='lat' dir='ltr'><strong>p.</strong></span> <span class='ocrx_word' id='word_1_324' title='bbox 651 3298 715 3362; x_wconf 77' lang='lat' dir='ltr'><strong>iii,</strong></span> <span class='ocrx_word' id='word_1_325' title='bbox 746 3298 770 3347; x_wconf 87' lang='grc'><strong>9.</strong></span> <span class='ocrx_word' id='word_1_326' title='bbox 795 3314 821 3347; x_wconf 87' lang='lat' dir='ltr'><strong>v.</strong></span> <span class='ocrx_word' id='word_1_327' title='bbox 845 3297 939 3349; x_wconf 85' lang='lat' dir='ltr'><strong>Satias</strong></span> <span class='ocrx_word' id='word_1_328' title='bbox 963 3311 1015 3359; x_wconf 91' lang='lat' dir='ltr'><strong>pro</strong></span> <span class='ocrx_word' id='word_1_329' title='bbox 1034 3265 1164 3349; x_wconf 83' lang='lat' dir='ltr'><strong>satietas.</strong></span> <span class='ocrx_word' id='word_1_330' title='bbox 1189 3324 1218 3335; x_wconf 89' lang='lat'><strong>·-</strong></span> <span class='ocrx_word' id='word_1_331' title='bbox 1250 3301 1352 3349; x_wconf 79' lang='lat' dir='ltr'><strong>tollere</strong></span> <span class='ocrx_word' id='word_1_332' title='bbox 1455 3341 1456 3364; x_wconf 32' lang='lat'>5</span> 
     </span>
     <span class='ocr_line' id='line_1_37' title="bbox 287 3378 1456 3456; baseline 0 -25"><span class='ocrx_word' id='word_1_333' title='bbox 287 3379 374 3431; x_wconf 74' lang='lat' dir='ltr'><strong>(ioli.</strong></span> <span class='ocrx_word' id='word_1_334' title='bbox 410 3381 528 3431; x_wconf 83' lang='lat' dir='ltr'><strong>tolleret</strong></span> <span class='ocrx_word' id='word_1_335' title='bbox 547 3378 583 3445; x_wconf 85' lang='lat' dir='ltr'><strong>ej.</strong></span> <span class='ocrx_word' id='word_1_336' title='bbox 601 3384 704 3446; x_wconf 71' lang='lat' dir='ltr'><strong>Mera,</strong></span> <span class='ocrx_word' id='word_1_337' title='bbox 735 3380 819 3446; x_wconf 83' lang='lat' dir='ltr'><strong>cujus</strong></span> <span class='ocrx_word' id='word_1_338' title='bbox 837 3383 923 3434; x_wconf 83' lang='lat' dir='ltr'><strong>rerba</strong></span> <span class='ocrx_word' id='word_1_339' title='bbox 940 3394 1065 3444; x_wconf 82' lang='lat' dir='ltr'><strong>appono:</strong></span> <span class='ocrx_word' id='word_1_340' title='bbox 1101 3384 1165 3447; x_wconf 72' lang='lat' dir='ltr'><strong>„lie</strong></span> <span class='ocrx_word' id='word_1_341' title='bbox 1183 3389 1286 3431; x_wconf 81' lang='lat' dir='ltr'><strong>natura</strong></span> <span class='ocrx_word' id='word_1_342' title='bbox 1303 3384 1353 3431; x_wconf 90' lang='lat' dir='ltr'><strong>bo·</strong></span> <span class='ocrx_word' id='word_1_343' title='bbox 1455 3413 1456 3456; x_wconf 72' lang='lat'><strong><em>1</em></strong></span> 
     </span>
    </p>
   </div>
   <div class='ocr_carea' id='block_1_10' title="bbox 285 3462 1354 3529">
    <p class='ocr_par' dir='ltr' id='par_1_13' title="bbox 285 3462 1354 3529">
     <span class='ocr_line' id='line_1_38' title="bbox 285 3462 1354 3529; baseline 0.002 -16"><span class='ocrx_word' id='word_1_344' title='bbox 285 3462 367 3513; x_wconf 87' lang='lat' dir='ltr'><strong>minis</strong></span> <span class='ocrx_word' id='word_1_345' title='bbox 384 3467 532 3517; x_wconf 84' lang='lat' dir='ltr'><strong>tractatum</strong></span> <span class='ocrx_word' id='word_1_346' title='bbox 547 3478 581 3515; x_wconf 92' lang='lat' dir='ltr'><strong>eo</strong></span> <span class='ocrx_word' id='word_1_347' title='bbox 599 3465 671 3517; x_wconf 90' lang='lat' dir='ltr'><strong>libro</strong></span> <span class='ocrx_word' id='word_1_348' title='bbox 689 3470 746 3525; x_wconf 82' lang='lat' dir='ltr'><strong>(sc,</strong></span> <span class='ocrx_word' id='word_1_349' title='bbox 765 3466 935 3518; x_wconf 63' lang='lat' dir='ltr'><strong>Prometheo</strong></span> <span class='ocrx_word' id='word_1_350' title='bbox 954 3466 1048 3529; x_wconf 54' lang='lat' dir='ltr'><strong>bra„</strong></span> <span class='ocrx_word' id='word_1_351' title='bbox 1064 3467 1093 3516; x_wconf 92' lang='lat' dir='ltr'><strong>in</strong></span> <span class='ocrx_word' id='word_1_352' title='bbox 1111 3478 1146 3516; x_wconf 90' lang='lat' dir='ltr'><strong>eo</strong></span> <span class='ocrx_word' id='word_1_353' title='bbox 1162 3469 1287 3516; x_wconf 86' lang='lat' dir='ltr'><strong>tractatu</strong></span> <span class='ocrx_word' id='word_1_354' title='bbox 1302 3478 1354 3515; x_wconf 89' lang='lat' dir='ltr'><strong>no-</strong></span> 
     </span>
    </p>
   </div>
   <div class='ocr_carea' id='block_1_11' title="bbox 286 3547 1456 3614">
    <p class='ocr_par' dir='ltr' id='par_1_14' title="bbox 286 3547 1456 3614">
     <span class='ocr_line' id='line_1_39' title="bbox 286 3547 1456 3614; baseline 0.002 -19"><span class='ocrx_word' id='word_1_355' title='bbox 286 3549 361 3597; x_wconf 86' lang='lat' dir='ltr'><strong>tarat</strong></span> <span class='ocrx_word' id='word_1_356' title='bbox 376 3559 412 3597; x_wconf 87' lang='lat' dir='ltr'><strong>ex</strong></span> <span class='ocrx_word' id='word_1_357' title='bbox 429 3547 670 3599; x_wconf 81' lang='lat' dir='ltr'><strong>animadversione</strong></span> <span class='ocrx_word' id='word_1_358' title='bbox 688 3551 815 3599; x_wconf 79' lang='lat' dir='ltr'><strong>veterum</strong></span> <span class='ocrx_word' id='word_1_359' title='bbox 830 3549 1072 3614; x_wconf 85' lang='lat' dir='ltr'><strong>pbilosophorum,</strong></span> <span class='ocrx_word' id='word_1_360' title='bbox 1088 3549 1202 3599; x_wconf 76' lang='lat' dir='ltr'><strong>inditum</strong></span> <span class='ocrx_word' id='word_1_361' title='bbox 1220 3562 1240 3599; x_wconf 87' lang='lat' dir='ltr'><strong>a</strong></span> <span class='ocrx_word' id='word_1_362' title='bbox 1255 3553 1353 3599; x_wconf 80' lang='lat' dir='ltr'><strong>natura</strong></span> <span class='ocrx_word' id='word_1_363' title='bbox 1455 3595 1456 3604; x_wconf 68' lang='grc'>,</span> 
     </span>
    </p>
   </div>
   <div class='ocr_carea' id='block_1_12' title="bbox 287 3630 1353 3695">
    <p class='ocr_par' dir='ltr' id='par_1_15' title="bbox 287 3630 1353 3695">
     <span class='ocr_line' id='line_1_40' title="bbox 287 3630 1353 3695; baseline 0.002 -16"><span class='ocrx_word' id='word_1_364' title='bbox 287 3631 458 3691; x_wconf 81' lang='lat' dir='ltr'><strong>voluptatem</strong></span> <span class='ocrx_word' id='word_1_365' title='bbox 482 3632 544 3683; x_wconf 76' lang='lat' dir='ltr'><strong>esuri</strong></span> <span class='ocrx_word' id='word_1_366' title='bbox 567 3644 602 3681; x_wconf 88' lang='lat' dir='ltr'><strong>ao</strong></span> <span class='ocrx_word' id='word_1_367' title='bbox 623 3630 715 3695; x_wconf 82' lang='lat' dir='ltr'><strong>potui,</strong></span> <span class='ocrx_word' id='word_1_368' title='bbox 746 3636 777 3683; x_wconf 88' lang='lat' dir='ltr'><strong>ut</strong></span> <span class='ocrx_word' id='word_1_369' title='bbox 796 3647 832 3683; x_wconf 90' lang='lat' dir='ltr'><strong>ea</strong></span> <span class='ocrx_word' id='word_1_370' title='bbox 852 3634 989 3684; x_wconf 86' lang='lat' dir='ltr'><strong>illecebra</strong></span> <span class='ocrx_word' id='word_1_371' title='bbox 1006 3633 1138 3683; x_wconf 82' lang='lat' dir='ltr'><strong>animalia</strong></span> <span class='ocrx_word' id='word_1_372' title='bbox 1158 3634 1301 3683; x_wconf 82' lang='lat' dir='ltr'><strong>terrentur</strong></span> <span class='ocrx_word' id='word_1_373' title='bbox 1320 3632 1353 3681; x_wconf 78' lang='lat' dir='ltr'><strong>al</strong></span> 
     </span>
    </p>
   </div>
   <div class='ocr_carea' id='block_1_13' title="bbox 285 3715 1456 3784">
    <p class='ocr_par' dir='ltr' id='par_1_16' title="bbox 285 3715 1456 3784">
     <span class='ocr_line' id='line_1_41' title="bbox 285 3715 1456 3784; baseline -0.001 -21"><span class='ocrx_word' id='word_1_374' title='bbox 285 3718 394 3777; x_wconf 79' lang='lat' dir='ltr'><strong>parturn</strong></span> <span class='ocrx_word' id='word_1_375' title='bbox 411 3715 603 3768; x_wconf 85' lang='lat' dir='ltr'><strong>necessarium</strong></span> <span class='ocrx_word' id='word_1_376' title='bbox 619 3716 739 3765; x_wconf 82' lang='lat' dir='ltr'><strong>tuendae</strong></span> <span class='ocrx_word' id='word_1_377' title='bbox 753 3716 844 3781; x_wconf 79' lang='lat' dir='ltr'><strong>ritae3</strong></span> <span class='ocrx_word' id='word_1_378' title='bbox 861 3718 1030 3784; x_wconf 81' lang='lat' dir='ltr'><strong>satietatem,</strong></span> <span class='ocrx_word' id='word_1_379' title='bbox 1048 3729 1083 3767; x_wconf 87' lang='lat' dir='ltr'><strong>ne</strong></span> <span class='ocrx_word' id='word_1_380' title='bbox 1101 3716 1186 3766; x_wconf 82' lang='lat' dir='ltr'><strong>nimia</strong></span> <span class='ocrx_word' id='word_1_381' title='bbox 1200 3716 1354 3779; x_wconf 79' lang='lat' dir='ltr'><strong>sumptione</strong></span> <span class='ocrx_word' id='word_1_382' title='bbox 1455 3731 1456 3736; x_wconf 43' lang='lat'>¹</span> 
     </span>
    </p>
   </div>
   <div class='ocr_carea' id='block_1_14' title="bbox 287 3796 1153 3864">
    <p class='ocr_par' dir='ltr' id='par_1_17' title="bbox 287 3796 1153 3864">
     <span class='ocr_line' id='line_1_42' title="bbox 287 3796 1153 3864; baseline 0 -15"><span class='ocrx_word' id='word_1_383' title='bbox 287 3796 500 3853; x_wconf 84' lang='lat' dir='ltr'><strong>onerarentur“.</strong></span> <span class='ocrx_word' id='word_1_384' title='bbox 518 3826 551 3837; x_wconf 86' lang='lat'><strong>-</strong></span> <span class='ocrx_word' id='word_1_385' title='bbox 570 3801 679 3851; x_wconf 82' lang='lat' dir='ltr'><strong>Versus</strong></span> <span class='ocrx_word' id='word_1_386' title='bbox 698 3800 913 3852; x_wconf 81' lang='lat' dir='ltr'><strong>constituendos</strong></span> <span class='ocrx_word' id='word_1_387' title='bbox 929 3802 995 3851; x_wconf 86' lang='lat' dir='ltr'><strong>aliis</strong></span> <span class='ocrx_word' id='word_1_388' title='bbox 1012 3802 1153 3864; x_wconf 84' lang='lat' dir='ltr'><strong>relinquo.</strong></span> 
     </span>
    </p>
   </div>
   <div class='ocr_carea' id='block_1_15' title="bbox 285 3884 1456 4117">
    <p class='ocr_par' dir='ltr' id='par_1_18' title="bbox 285 3884 1456 4117">
     <span class='ocr_line' id='line_1_43' title="bbox 354 3884 1456 3947; baseline -0.001 -14"><span class='ocrx_word' id='word_1_389' title='bbox 354 3884 394 3933; x_wconf 77' lang='lat'><strong>18.</strong></span> <span class='ocrx_word' id='word_1_390' title='bbox 430 3885 481 3945; x_wconf 82' lang='lat' dir='ltr'><strong>Ap.</strong></span> <span class='ocrx_word' id='word_1_391' title='bbox 501 3885 571 3935; x_wconf 87' lang='lat' dir='ltr'><strong>Non.</strong></span> <span class='ocrx_word' id='word_1_392' title='bbox 590 3898 614 3945; x_wconf 82' lang='lat' dir='ltr'><strong>p.</strong></span> <span class='ocrx_word' id='word_1_393' title='bbox 635 3884 701 3947; x_wconf 81' lang='lat'>12⁰,</span> <span class='ocrx_word' id='word_1_394' title='bbox 727 3884 770 3935; x_wconf 77' lang='lat'><strong>20.</strong></span> <span class='ocrx_word' id='word_1_395' title='bbox 789 3900 815 3935; x_wconf 84' lang='lat' dir='ltr'><strong>r.</strong></span> <span class='ocrx_word' id='word_1_396' title='bbox 832 3888 908 3936; x_wconf 80' lang='lat' dir='ltr'><strong>llara</strong></span> <span class='ocrx_word' id='word_1_397' title='bbox 925 3890 971 3936; x_wconf 88' lang='lat' dir='ltr'><strong>est</strong></span> <span class='ocrx_word' id='word_1_398' title='bbox 988 3897 1139 3947; x_wconf 81' lang='lat' dir='ltr'><strong>porcorum</strong></span> <span class='ocrx_word' id='word_1_399' title='bbox 1157 3884 1305 3933; x_wconf 79' lang='lat' dir='ltr'><strong>stabulum.</strong></span> <span class='ocrx_word' id='word_1_400' title='bbox 1323 3906 1354 3917; x_wconf 89' lang='lat'><em>-</em></span> <span class='ocrx_word' id='word_1_401' title='bbox 1455 3899 1456 3902; x_wconf 43' lang='lat'>¹</span> 
     </span>
     <span class='ocr_line' id='line_1_44' title="bbox 285 3964 1456 4034; baseline -0.003 -17"><span class='ocrx_word' id='word_1_402' title='bbox 285 3966 462 4018; x_wconf 74' lang='lat' dir='ltr'><strong>bonre&#39;noribi</strong></span> <span class='ocrx_word' id='word_1_403' title='bbox 476 3979 552 4019; x_wconf 76' lang='lat' dir='ltr'><strong>nunc</strong></span> <span class='ocrx_word' id='word_1_404' title='bbox 568 3964 604 4032; x_wconf 85' lang='lat' dir='ltr'><strong>ej.</strong></span> <span class='ocrx_word' id='word_1_405' title='bbox 619 3968 685 4019; x_wconf 76' lang='lat' dir='ltr'><strong>Gerl</strong></span> <span class='ocrx_word' id='word_1_406' title='bbox 700 3982 709 4030; x_wconf 82' lang='lat'>3</span> <span class='ocrx_word' id='word_1_407' title='bbox 728 3968 831 4031; x_wconf 86' lang='lat' dir='ltr'><strong>inepte.</strong></span> <span class='ocrx_word' id='word_1_408' title='bbox 860 3970 912 4029; x_wconf 77' lang='lat' dir='ltr'><strong>Qui</strong></span> <span class='ocrx_word' id='word_1_409' title='bbox 927 3971 951 4019; x_wconf 85' lang='lat' dir='ltr'><strong>b.</strong></span> <span class='ocrx_word' id='word_1_410' title='bbox 967 3982 993 4020; x_wconf 90' lang='lat' dir='ltr'><strong>e.</strong></span> <span class='ocrx_word' id='word_1_411' title='bbox 1012 3968 1170 4034; x_wconf 67' lang='lat' dir='ltr'><strong>cuimodi</strong></span> <span class='ocrx_word' id='word_1_412' title='bbox 1184 3967 1231 4018; x_wconf 77' lang='lat' dir='ltr'><strong>rel</strong></span> <span class='ocrx_word' id='word_1_413' title='bbox 1249 3968 1353 4030; x_wconf 73' lang='lat' dir='ltr'><strong>quales.</strong></span> <span class='ocrx_word' id='word_1_414' title='bbox 1455 3991 1456 3998; x_wconf 59' lang='lat'><strong>.</strong></span> 
     </span>
     <span class='ocr_line' id='line_1_45' title="bbox 353 4048 1355 4117; baseline 0.002 -19"><span class='ocrx_word' id='word_1_415' title='bbox 353 4049 394 4099; x_wconf 78' lang='lat'><strong>1³.</strong></span> <span class='ocrx_word' id='word_1_416' title='bbox 429 4052 480 4111; x_wconf 85' lang='lat' dir='ltr'><strong>Ap.</strong></span> <span class='ocrx_word' id='word_1_417' title='bbox 498 4052 569 4101; x_wconf 89' lang='lat' dir='ltr'><strong>Non.</strong></span> <span class='ocrx_word' id='word_1_418' title='bbox 587 4065 613 4113; x_wconf 83' lang='lat' dir='ltr'><strong>p.</strong></span> <span class='ocrx_word' id='word_1_419' title='bbox 633 4052 696 4115; x_wconf 81' lang='grc'>318,</span> <span class='ocrx_word' id='word_1_420' title='bbox 727 4052 752 4101; x_wconf 79' lang='grc'><strong>8.</strong></span> <span class='ocrx_word' id='word_1_421' title='bbox 777 4069 800 4103; x_wconf 80' lang='lat' dir='ltr'><strong>v.</strong></span> <span class='ocrx_word' id='word_1_422' title='bbox 824 4053 913 4117; x_wconf 75' lang='lat' dir='ltr'><strong>Plaga</strong></span> <span class='ocrx_word' id='word_1_423' title='bbox 930 4054 1083 4117; x_wconf 71' lang='lat' dir='ltr'><strong>aliqnando</strong></span> <span class='ocrx_word' id='word_1_424' title='bbox 1107 4066 1174 4115; x_wconf 80' lang='lat' dir='ltr'><strong>pars</strong></span> <span class='ocrx_word' id='word_1_425' title='bbox 1191 4051 1277 4115; x_wconf 81' lang='lat' dir='ltr'><strong>leotl,</strong></span> <span class='ocrx_word' id='word_1_426' title='bbox 1304 4048 1355 4100; x_wconf 87' lang='lat' dir='ltr'><strong>ali·</strong></span> 
     </span>
    </p>
   </div>
   <div class='ocr_carea' id='block_1_16' title="bbox 0 0 1486 4750">
    <p class='ocr_par' dir='ltr' id='par_1_19' title="bbox 0 0 1486 4750">
     <span class='ocr_line' id='line_1_46' title="bbox 0 0 1486 4750; baseline 0 0"><span class='ocrx_word' id='word_1_427' title='bbox 0 0 1486 4750; x_wconf 95' lang='lat' dir='ltr'><strong> </strong></span> 
     </span>
    </p>
   </div>
  </div>
 </body>
</html>
