2934 4750
349 315 543 368 sauu'aaaorr
565 326 795 372 ausrmaaua
818 329 1001 387 antiquins.
1144 313 1205 374 1⁰1

142 487 190 550 10.
227 486 319 566 Quod
341 496 446 555 utrum
470 491 510 556 sit
528 512 673 578 magnum
693 515 731 558 aa
753 513 895 580 parvum,
917 494 1003 561 facile
1023 518 1062 562 an
1082 496 1205 563 difficui.

142 597 189 659 11.
224 597 266 662 Ut
286 619 400 665 novum
425 601 560 666 cribrum
587 623 667 667 novo
687 603 800 688 paxillo
821 603 960 690 pendeat.

139 705 187 768 12.
425 768 432 783 ,
696 712 739 777 111
760 713 834 779 levis

224 817 357 903 Tippula
378 821 525 906 tymphon
547 819 672 904 frigidos
693 822 804 887 transit
824 823 915 889 lacus.

139 925 186 990 13.
219 927 340 994 Nautae
363 929 548 1015 remivagam
567 937 693 995 movent
713 930 855 997 celocem.

137 1037 185 1099 14.
220 1037 335 1103 Ebrius
355 1060 397 1118 es,
413 1038 531 1106 Marce!
561 1038 713 1125 Odyssian
731 1041 814 1105 enim
833 1042 961 1107 Homeri
978 1039 1126 1110 ruminari
1145 1040 1202 1104 in-

221 1146 297 1232 cipis
314 1168 384 1212 cum
409 1162 471 1232 περὶ
495 1162 608 1233 τρόπων
629 1149 815 1236 scripturum
837 1158 882 1226 te,
903 1150 981 1226 scio,
1002 1149 1159 1233 receperis.

137 1254 186 1318 15.
221 1256 285 1321 Nec
306 1278 356 1321 me
380 1257 509 1343 pedatus
531 1279 677 1325 versuum
698 1258 805 1323 tardor
831 1257 978 1330 refrenet
1013 1255 1099 1321 tarde
1121 1256 1203 1318 enim

219 1367 300 1451 perii
317 1380 437 1450 ῥυθμῶν
456 1374 581 1432 sertum.

138 1474 185 1540 111.
220 1475 363 1561 Mihique
391 1476 466 1554 ciri,
499 1476 573 1542 dum
601 1478 671 1542 stilo
701 1486 807 1542 nostro
836 1476 941 1564 papyri
967 1474 1060 1542 inlevi
1088 1493 1202 1557 scapos,
1248 1461 1292 1543 s

220 1585 328 1670 capitis
347 1606 461 1650 novum
483 1595 604 1672 partum
624 1587 776 1672 poeticen.

134 1695 184 1759 11.
219 1695 291 1760 Non
313 1701 344 1759 te
365 1692 469 1778 pudet,
488 1695 587 1775 Mani,
609 1717 679 1762 cum
702 1697 784 1762 domi
809 1704 879 1762 tuae
901 1695 986 1761 vides
1008 1691 1202 1759 commilito-

219 1825 296 1869 num
317 1812 442 1870 tuorum
463 1803 604 1872 cohortes
626 1807 721 1873 servis
744 1807 805 1873 tuis
826 1799 1001 1870 ministrare
1023 1803 1201 1868 caementa?

134 1909 182 1976 18.
691 1915 798 1982 Socius
821 1937 854 1982 es

216 2023 372 2102 Hostibu',
401 2026 490 2091 sociis
513 2027 628 2092 beilum
650 2027 693 2091 ita
710 2027 805 2111 geris,
828 2034 864 2092 ut
883 2026 963 2092 bella
983 2025 1087 2090 omnia

214 2133 352 2198 Domum
375 2134 502 2200 auferas.

136 2241 183 2304 19.
215 2243 252 2306 11
274 2242 420 2307 invidiam
439 2244 566 2309 veniant
584 2245 617 2308 in
637 2244 695 2309 hoc
717 2247 791 2330 ipso,
807 2245 1006 2329 rapinatores.

133 2349 182 2414 20.
216 2349 315 2415 Scena
337 2370 429 2435 quem
451 2371 557 2416 senem
575 2352 686 2416 Latina
704 2351 782 2418 vidit
802 2350 1032 2417 densissimum.

132 2458 182 2523 21.
215 2457 290 2524 Ideo
316 2458 387 2545 suga
413 2460 550 2526 hostium
576 2460 693 2525 Graece
720 2468 847 2526 vocatur
869 2472 974 2544 τροπῆς
1010 2458 1081 2523 hinc
1105 2456 1200 2541 spolia

217 2576 306 2653 capta
324 2568 385 2633 fixa
404 2570 437 2634 in
455 2568 611 2655 stipitibus
633 2570 826 2655 appellantur
845 2580 979 2652 τρόπαια.

130 2676 182 2740 22.
220 2690 342 2759 Tatnos
370 2691 493 2761 τρόπους
525 2678 579 2763 qui
614 2698 677 2743 non
706 2679 799 2744 modo
826 2678 967 2762 ignorare
1002 2698 1051 2743 mc
1080 2675 1198 2751 clamat,

219 2785 273 2851 sed
296 2787 544 2852 omnino-omnis
566 2788 676 2853 heroas
698 2796 789 2873 negat
814 2787 955 2853 nescisse.

130 2895 182 2961 23.
216 2909 396 2981 navamus
411 2905 459 2963 est
470 2898 552 2963 enim
569 2918 649 2974 vera,
663 2897 690 2963 si
706 2897 739 2962 in
751 2896 934 2963 candelabro
946 2894 1060 2981 pendet
1073 2892 1197 2978 strigile.

132 3006 182 3070 21.
214 3006 322 3092 Ipsum
342 3008 479 3092 protervi
501 3007 602 3073 liberti
625 3008 793 3073 semiatrati
816 3007 1045 3094 exsequiantur.

33 3167 37 3181 .
130 3115 180 3180 25.
216 3115 296 3182 Cum
315 3116 483 3203 Quintipor
501 3116 690 3198 Clodi[an]us
713 3124 761 3181 tot
774 3116 953 3207 comoedias
972 3116 1039 3179 sine
1056 3113 1120 3178 ulla
1143 3110 1196 3175 se-

216 3226 293 3291 cerit
311 3227 417 3303 Musa,
454 3247 512 3310 ego
536 3247 634 3292 uuum
664 3225 802 3290 libellum
829 3246 891 3289 non
920 3222 1061 3288 adolem?
1093 3226 1130 3284 ut
1155 3218 1208 3282 ait«

216 3334 348 3400 Ennius.

130 3444 183 3511 26.
216 3442 391 3511 Vulcanum
422 3461 527 3507 eccum
561 3461 660 3508 novae
694 3441 820 3527 lagenae
855 3440 984 3505 ollarum
1021 3437 1118 3522 figura
1152 3443 1198 3500 ter

217 3558 390 3638 precantur.

199 3704 224 3754 1.
258 3706 311 3765 Ap.
331 3704 402 3752 Non.
420 3717 447 3765 p.
466 3703 527 3768 1811,
544 3703 586 3753 11.
607 3718 633 3753 v.
650 3703 786 3754 vanescit
800 3716 852 3766 pro
871 3704 959 3754 tonat.

200 3789 225 3837 2.
261 3790 313 3850 Ap.
328 3789 399 3838 Non.
414 3803 441 3851 p.
460 3788 523 3854 118,
542 3788 584 3838 21.
604 3803 629 3838 v.
645 3789 747 3839 sulcus
766 3800 860 3853 omne,
880 3785 1009 3850 quidquid
1026 3785 1055 3834 11
1071 3783 1197 3847 longitu-

132 3873 221 3923 dinem
238 3873 394 3923 acadeaturu
410 3875 463 3921 est.
479 3900 507 3909 -
523 3874 639 3951 acutum
655 3870 1047 3931 111111111-1111111111
1063 3868 1101 3918 sit
1115 3868 1199 3918 docet

132 3959 212 4006 sera.
230 3956 266 4005 ad
282 3956 364 4021 virg.
384 3960 452 4006 Aen.
470 3957 525 4022 111,
544 3957 604 4007 107.
639 3957 833 4021 ventecano,
850 3954 1015 4019 qarodtholo
1031 3953 1198 4003 instructum

132 4038 223 4091 misse
240 4040 324 4091 etiam
341 4053 377 4091 cx
400 4040 490 4092 numia
509 4041 616 4103 aliquot
632 4041 754 4093 Neronis
778 4043 905 4105 constat,
932 4039 996 4089 vida
1021 4050 1093 4098 quoa
1113 4043 1199 4094 supra

134 4124 310 4178 laudavimus
325 4127 360 4175 ad
377 4118 512 4189 Ἆνθρωπ.
530 4126 564 4175 tr.
583 4126 608 4174 1.
694 4170 702 4185 ,
