2934 4750
337 329 531 374 sarunaaorr
553 327 785 374 aanrrraaaorr
808 329 990 387 noniqurnr.
1135 311 1199 374 218

153 493 184 558 5.
219 493 311 573 Quod
339 495 420 581 leges
442 495 552 582 jubent
580 517 642 558 non
671 493 801 559 iaciunt:
839 507 898 572 Δὸς
925 505 1081 582 111110βὲ
1108 493 1198 560 fervit

219 603 331 668 animo.

155 712 185 776 o.
219 714 306 778 Tunc
324 712 451 798 nuptiae
472 710 617 777 videbant
634 719 767 776 ostream
788 711 960 777 Lucrinam.

155 822 183 885 7.
690 819 732 885 Ut
751 819 851 884 nitens

217 929 352 995 Pavonis
372 927 485 1006 oolius,
515 922 590 992 nihii
613 927 803 992 extrinsecus
826 948 958 994 sumens.

152 1037 182 1104 8.
216 1040 301 1123 Ergo
318 1045 385 1102 tum
405 1038 524 1102 Romae
544 1055 635 1122 parce
657 1056 799 1122 pureque
818 1036 968 1120 pudentes

218 1147 330 1212 Vivere
350 1146 382 1210 in
403 1146 502 1231 patria
524 1165 606 1209 nunc
628 1165 737 1210 sumus
765 1145 796 1210 in
817 1144 938 1210 rutuba.

150 1257 181 1320 9.
216 1255 312 1320 Adest
331 1253 381 1319 fax
402 1255 539 1321 involuta
561 1253 721 1321 incendio.

135 1366 182 1430 10.
217 1364 247 1429 Ο
270 1363 363 1429 stulta
385 1365 483 1429 nostri
505 1365 638 1450 pectoris
659 1363 804 1428 dormitio

215 1474 403 1559 Vigilabilis,
430 1494 511 1560 quae
530 1495 580 1538 me
599 1473 737 1558 puellum
758 1471 950 1557 impuberem

216 1582 346 1669 Cepisti!

131 1693 181 1756 11.
214 1687 278 1770 Eo,
301 1699 337 1755 ut
358 1689 501 1756 viaticum
524 1689 668 1754 adderem
693 1689 725 1754 in
749 1689 878 1774 vulgam.

131 1800 181 1866 12.
217 1799 268 1870 Sic
291 1799 375 1864 canis
397 1799 469 1864 fite
490 1799 615 1878 catello,
636 1799 681 1864 sic
702 1821 720 1863 e
742 1799 846 1864 tritico
869 1795 959 1882 spica.

130 1909 179 1974 13.
214 1911 251 1973 ln
273 1929 404 1994 quarum
426 1907 526 1975 locum
549 1907 710 1973 subierunt
729 1904 899 1993 inquilinae
920 1904 1064 1990 inpietas,
1093 1898 1193 1985 perti-

212 2017 277 2095 dia,
299 2017 496 2103 impudicitia.
818 2091 822 2096 .

130 2130 178 2194 14.
210 2129 301 2196 Nunc
325 2127 394 2213 quis
420 2134 538 2211 patrem
572 2126 677 2205 decem
708 2145 861 2190 annorum
892 2128 982 2185 natus
1011 2139 1074 2184 non
1102 2113 1193 2180 modo

213 2237 329 2311 aufert,
350 2235 404 2298 sed
425 2235 520 2308 torric,
545 2234 604 2295 nisi
625 2233 766 2296 veneno?

129 2345 179 2411 15.
215 2343 279 2422 Qui
299 2341 388 2406 nobis
408 2340 622 2404 ministrarunt
643 2337 731 2423 pueri
747 2327 863 2400 'diebus
883 2329 968 2396 iestis
990 2323 1193 2431 cicersviride

213 2451 268 2537 qui
288 2472 346 2515 nos
367 2469 550 2535 provocare,
571 2448 718 2513 advocare
739 2466 809 2509 cum
832 2441 980 2518 audeant,
1000 2475 1041 2484 -
1064 2457 1120 2501 nos
1141 2434 1193 2500 1110

213 2582 358 2627 revocare
374 2559 546 2624 timemus?

128 2672 178 2736 lo.
212 2671 323 2748 Erras,
343 2670 459 2756 inquit,
480 2666 600 2733 Marcei
622 2682 764 2731 accusare
785 2682 841 2727 nos
863 2657 1027 2724 ruminaris
1049 2651 1193 2737 antiqui-

211 2787 299 2846 tates.
740 2764 744 2767 ’

128 2891 178 2955 11.
210 2889 309 2955 Acciti
331 2910 453 2966 sumus,
474 2896 512 2953 ut
530 2888 785 2973 deportaremur:
812 2898 953 2947 murmur
974 2876 1009 2941 [it
1029 2893 1129 2940 vanu.

128 2997 180 3064 18.
211 2999 270 3062 Vin
297 2997 412 3063 ecfatus
440 3004 520 3075 erat,
557 3018 627 3062 cum
653 3015 740 3061 more
763 2991 912 3077 majorum
939 2987 1022 3053 ultro
1051 3000 1192 3047 oasnares

213 3106 378 3193 arripiunt,
395 3108 434 3172 de
451 3116 545 3193 ponte
566 3107 598 3171 in
619 3104 756 3171 Tiberim
779 3098 952 3165 deturbant.

129 3218 179 3282 19.
214 3216 346 3282 Senibus
365 3217 491 3291 crassis,
511 3214 646 3288 homuli,
675 3233 740 3275 non
762 3208 894 3273 vidimus
917 3202 991 3285 quid
1012 3198 1084 3261 fiat?
1140 3298 1146 3309 '

124 3327 177 3393 20.
211 3328 278 3399 An,
313 3324 339 3386 si
365 3341 477 3407 equam
511 3322 638 3383 emisses
666 3312 904 3401 quadripedem,
924 3313 975 3369 «ut
1001 3323 1073 3367 meo
1104 3318 1190 3361 asrnc

213 3429 345 3496 Reatino
387 3428 579 3503 admitteres,
622 3429 772 3509 quantum
808 3412 1015 3505 poposcissem
1056 3406 1190 3473 dedisses

210 3535 403 3626 aquimanti?

123 3656 175 3718 m.
210 3651 320 3734 Neque
339 3647 507 3733 agipennes
525 3651 641 3720 anates,
660 3638 855 3724 tremipcdas‚
875 3631 984 3699 buxeis
1001 3625 1109 3695 rostris
1126 3643 1164 3710 pe
1176 3656 1189 3671 ··

152 3796 157 3803 1
211 3758 319 3836 cudes,
353 3755 516 3844 paludibus
538 3760 627 3818 nocte
642 3750 733 3836 nigra
760 3747 798 3811 ad
826 3744 942 3811 lumina
964 3733 1112 3823 lampadis
1132 3752 1189 3797 se-

209 3890 316 3955 quens.
415 3936 418 3941 ,

193 4022 219 4072 1.
254 4024 306 4084 Ap.
324 4022 396 4070 Non.
413 4032 440 4081 p.
462 4018 507 4081 tt,
531 4018 557 4066 S.
576 4030 602 4064 v.
622 4008 776 4064 ProboscIs
795 4008 932 4057 Graecum
950 4014 1049 4052 nomen
1066 4000 1124 4060 est,
1146 3994 1188 4043 di-

127 4113 200 4158 ctum
218 4106 291 4171 quod
311 4101 376 4155 ante
395 4104 538 4165 depascat,
559 4100 647 4148 otest
662 4097 794 4158 porrecta
811 4089 940 4153 corporis
955 4100 1021 4150 pars
1040 4082 1187 4133 inhaerens
