2934 4750
338 318 532 364 seruandus
557 319 791 364 usureresaua
814 322 996 378 uanaqurae.
1146 307 1209 366 lte

501 489 585 540 xlv.
624 487 839 540 Ktlvlzl'ttl'.

200 599 304 643 saturae
323 597 406 646 titulus
426 599 490 654 apud
510 599 629 654 Popmaru
652 594 773 660 squirion
791 599 889 655 teqttor.
924 602 973 647 sed
994 600 1143 656 enttrrqprtt
1161 613 1206 647 no·

134 665 239 711 visairna
256 665 344 724 editio,
368 666 478 712 ebione
498 666 622 722 instituta,
646 667 737 714 rectius
756 670 856 724 praeiret
877 664 1010 728 Quantos,
1035 670 1124 716 additis
1143 671 1207 716 sori·

134 738 219 788 pturae
237 733 413 790 discrepamus
436 729 568 796 epat'store
584 741 607 780 et
623 730 736 796 cyniairo
754 748 782 781 re
800 736 914 793 (ablat.)

157 833 182 894 l.
218 832 350 918 Eelipsis
373 831 498 917 quando
522 830 571 911 it,
603 853 658 897 our
679 833 751 897 iuna
775 833 901 899 laboret:
946 846 988 912 et,
1023 839 1047 902 si
1073 838 1130 902 hoo
1154 839 1205 903 ri·
1275 841 1278 846 ’

217 939 316 1008 dieuie
340 941 486 1019 eredunt,
510 941 625 1018 dicant,
654 942 728 1027 quid
752 943 901 1008 laborent.

202 1084 226 1131 1.
262 1085 313 1144 ap.
330 1069 570 1146 Junfenliengyr.
591 1083 624 1131 ati
645 1081 744 1146 virgil.
763 1085 867 1146 aeorg.
887 1085 927 1145 ll,
957 1100 982 1133 v.
1002 1086 1061 1134 117.
1085 1091 1148 1138 toro.
1167 1088 1203 1150 ll,

133 1181 157 1228 p.
177 1164 240 1216 33ἓῖ
255 1168 296 1216 ed.
317 1167 394 1218 Lien.

594 1287 748 1305 ——e---·-

473 1372 572 1424 xtrvl.
611 1370 864 1424 ΚΤΝΟΡΗΊὮΡ.

198 1483 317 1526 Memorat
336 1484 401 1527 nune
417 1481 505 1528 iiirrnm
516 1481 650 1528 liiontedss
668 1484 688 1538 l,
702 1492 727 1537 p.
738 1478 799 1538 aet,
810 1478 853 1526 33.
871 1481 1037 1528 ed.1‘utsen.:
1056 1501 1106 1538 ,‚—
1123 1482 1203 1527 ardeo

132 1548 234 1608 emicui,
252 1555 277 1593 ut
296 1549 387 1594 lirntus
405 1549 549 1596 laudatione
566 1549 642 1605 Appii
659 1550 770 1596 claudii:
794 1550 858 1608 „ord
876 1555 899 1594 te
918 1555 976 1606 toga
994 1553 1124 1603 praetexta
1142 1550 1203 1596 arti·

130 1611 205 1661 etrit“.
241 1617 291 1661 sed
309 1617 388 1663 Varro
406 1615 432 1661 ln
455 1611 643 1677 Cyoorheiora:

153 1714 179 1776 l.
216 1712 354 1779 Celerius
374 1722 472 1778 maier
491 1714 607 1779 amitit.

589 1855 743 1864 -----

378 1938 491 1989 ΧῙΝΙΙ.
529 1936 948 1990 ΚΤΝΟΔΙΔΑΣΚΑΛΙΚΟΝ.

196 2045 285 2091 Atilius
312 2047 502 2094 Fortunationtts
530 2049 553 2106 l,
578 2043 611 2105 t,
632 2045 673 2094 15.
700 2060 724 2104 p.
747 2045 806 2094 319.
830 2051 869 2095 ed.
893 2047 972 2095 tiaiai
999 2047 1037 2101 [p.
1061 2044 1138 2093 2616.
1160 2048 1198 2092 ed.

129 2111 244 2167 l’utseli.)
262 2110 393 2170 disputaris
412 2118 442 2161 de
459 2116 687 2170 hendecasyllabo:
707 2113 839 2174 ,‚Quiata“,
854 2117 940 2173 inquit,
959 2115 1065 2173 „dlviato
1081 2119 1120 2161 est
1136 2117 1198 2160 hen-

128 2179 296 2239 daeasyllairi,
313 2185 361 2231 iseo
381 2184 511 2238 exemplo:

365 2251 457 2296 carme
475 2249 587 2312 Pierides
605 2259 697 2295 novem
715 2259 825 2294 sorores.
1016 2278 1023 2300 .

126 2317 188 2362 llam
211 2317 348 2362 secondum
366 2316 470 2371 primum
486 2317 623 2371 spondeum
643 2317 753 2361 insertus
774 2315 831 2360 truie
851 2313 1064 2365 hendecasyllabo
1087 2322 1199 2368 anapae-

127 2389 182 2431 stus
203 2384 310 2429 lonicum
328 2384 462 2431 sotademn
481 2382 552 2440 iacit3
579 2384 630 2430 ele:
718 2378 721 2383 “

367 2453 459 2499 vastae
476 2451 572 2497 dociles
587 2450 700 2497 Pierides
720 2460 811 2495 novem
828 2458 939 2495 sorores·

126 2522 166 2563 lix
180 2530 229 2573 quo
247 2530 298 2565 nou
315 2525 355 2566 est
372 2520 522 2577 mirandum,
540 2520 605 2573 quod
623 2520 723 2565 Varro
745 2517 777 2565 ir
800 2510 1105 2577 anodidaaealieo
1122 2518 1198 2563 Pita-

127 2587 257 2633 lasolon
275 2592 406 2635 metrum
426 2586 566 2634 ionicum
587 2586 765 2633 trimetrum
788 2585 947 2641 appellat,
974 2583 1073 2637 quidam
1091 2584 1199 2629 ionicum

126 2652 271 2701 minorem“.
288 2655 375 2702 -01,
393 2660 491 2703 Terent.
511 2659 589 2701 Maur.
606 2666 631 2709 p.
645 2652 721 2699 aete.
742 2655 781 2699 ed.
795 2652 1005 2709 l’utsolt.‚.eulas
1024 2652 1103 2697 verita
1121 2662 1199 2706 sopra

126 2734 148 2778 p.
172 2720 204 2767 12
223 2723 411 2783 adscripsimus,
430 2722 470 2769 ulti
487 2722 574 2769 neseio
591 2733 640 2777 quo
656 2720 749 2767 infelici
766 2732 829 2768 ease
846 2718 938 2766 iaetnnr
957 2724 1003 2776 eat,
1023 2723 1049 2765 ut
1066 2719 1138 2765 illarii
1152 2720 1197 2767 Vl·

125 2790 214 2836 etorinl
238 2800 327 2836 noman
352 2803 396 2847 pro
416 2790 559 2838 Tarentlrni
578 2789 659 2837 Mauri
686 2790 711 2840 ir
734 2791 835 2837 planas
863 2787 998 2842 irrepserit
1024 2810 1059 2821 -
1083 2789 1198 2835 cetarum

126 2848 420 2917 Κυνοδιδὰσκαλικόν,
438 2858 586 2907 varroniani
601 2858 658 2905 lilrrl
674 2858 783 2917 titulum,
800 2867 874 2912 quem
891 2866 979 2903 omnes
998 2856 1074 2902 codd.
1091 2861 1196 2916 tuentur,

126 2925 183 2979 quid
209 2934 315 2980 unquam
338 2938 440 2975 movero
463 2927 571 2983 potuerit
589 2928 775 2973 darmannum
798 2923 918 2981 (praelat.
943 2925 975 2970 sd
1000 2926 1100 2971 Terent.
1117 2928 1196 2972 Maur.

126 3006 150 3047 p.
169 2991 228 3047 XV]
247 2994 313 3040 utin
336 2991 603 3045 Seenodr'dascair'eoa
623 2998 767 3044 mutandum
783 3004 843 3042 essa
862 2996 995 3051 statueret,
1017 2993 1131 3049 equidem
1146 3005 1197 3042 noa

126 3060 199 3107 {aelle
218 3071 348 3121 assequor.

1159 1341 1227 1388 κ

584 3179 737 3189 *α--ιι--ῠ

355 3306 359 3315 ,
456 3266 581 3316 ΧΙΝΙΙΙ.
619 3264 692 3312 LEX
711 3262 868 3311 mattula:

192 3370 280 3417 Mirum
296 3375 413 3425 quantum
431 3370 568 3425 exagitavit
584 3368 693 3415 virorum
711 3370 840 3413 doetorarn
858 3367 959 3420 ingania
975 3369 1040 3413 leaeo
1058 3364 1194 3422 lasenptlo.

123 3440 186 3485 Nam
210 3448 285 3492 quum
305 3438 330 3483 in
353 3442 404 3484 tota
427 3440 539 3483 lio-ana
563 3436 707 3491 antiquitate
725 3448 776 3481 non
793 3438 941 3481 memoretur
958 3436 1009 3480 ulla
1026 3436 1070 3481 lex
1087 3434 1195 3493 liranis,

124 3517 196 3563 quae,
215 3510 241 3549 ut
260 3506 299 3551 lale
317 3505 409 3552 indicat
426 3508 530 3551 saturae
543 3504 713 3552 varronianae
729 3503 759 3549 fr.
776 3501 812 3562 6,
830 3502 942 3549 cavisset
959 3514 1009 3561 „ne
1025 3502 1069 3549 ilii
1083 3504 1195 3559 patrinos

122 3574 174 3618 luel
184 3577 254 3619 claro
268 3573 384 3628 sugillent
397 3570 511 3631 oeulos“‚
521 3583 643 3627 ortumque
656 3584 706 3617 non
718 3570 853 3618 verisimile
863 3570 990 3616 videretur
1002 3574 1075 3617 talem
1087 3583 1194 3627 unquam

121 3643 200 3686 latam
218 3640 307 3700 fuisse,
325 3642 405 3687 omnis
425 3640 537 3695 quaestio
554 3641 636 3688 statim
654 3642 685 3685 ad
701 3640 791 3686 incitas
807 3641 909 3685 redacta
925 3644 985 3686 erat.
1020 3640 1052 3686 At
1069 3642 1113 3686 lex
1125 3644 1195 3686 llae-

121 3708 176 3767 nia‚
195 3710 225 3754 do
243 3720 292 3763 qua
308 3710 427 3756 varronis
445 3712 534 3755 Saarna
552 3720 642 3754 nornen
658 3713 769 3755 mutuata
782 3712 829 3766 est,
846 3719 898 3753 non
915 3713 954 3754 eat
971 3706 1029 3766 alia,
1047 3718 1120 3761 qnam
1137 3709 1195 3763 ipsa

120 3776 169 3820 illa
184 3786 201 3821 a
218 3778 247 3822 ll.
266 3775 325 3823 131.
347 3788 363 3823 a
379 3778 487 3835 ltleenlo,
503 3778 599 3823 tribuno
617 3777 705 3833 pletis,
725 3776 821 3831 (cicer.
838 3778 906 3821 lirul.
922 3777 992 3834 xlv,
1011 3774 1069 3830 tle.)
1090 3778 1125 3821 de
1143 3785 1195 3831 pa·

121 3849 201 3889 trum
218 3846 417 3891 auctoritate
439 3848 502 3903 lata,
520 3847 550 3890 de
570 3856 619 3899 qua
637 3856 661 3890 v.
679 3846 801 3890 walthan.
820 3846 912 3890 uesci.
931 3845 976 3890 des
994 3845 1065 3888 litim.
1083 3845 1198 3903 lieeits.5

121 3911 239 3967 Gdttllop.
263 3912 334 3958 litim.
357 3912 550 3959 staatsverfass.
572 3924 597 3967 p«
620 3910 672 3957 368
692 3923 761 3967 sqq,
791 3910 903 3969 inprimis
930 3921 991 3955 vero
1016 3910 1193 3965 (11131113.

120 3978 188 4024 (inii.
205 3980 395 4026 llaeelterrnann
412 3980 437 4025 in
456 3981 556 4027 dissert.
574 3980 687 4035 inaugur.
710 3981 742 4024 de
758 3980 877 4033 tremelai.
898 3977 1065 4022 lienamvlrali
1084 3978 1192 4032 (Gruplr.

120 4042 208 4101 1843)
232 4058 257 4101 p.
276 4044 326 4092 tar
350 4058 405 4102 sqq.
439 4050 524 4102 Neque
547 4057 610 4093 sana
633 4048 681 4092 lttr'e
699 4045 795 4091 ielioior
819 4048 871 4090 ulia
894 4050 992 4099 poterat
1014 4042 1152 4098 excogitari
1176 4053 1193 4088 tt

117 4115 235 4170 varrone
250 4126 298 4163 suo
313 4114 376 4163 iilrro
392 4115 528 4175 inscriptio,
545 4115 571 4161 ln
590 4124 639 4169 quo
658 4112 775 4161 videlieet
788 4113 820 4158 de
836 4112 1064 4168 perstreperemus,
1086 4120 1133 4164 qua
1152 4108 1194 4155 illi

992 4177 1039 4243 10
