2934 4750
435 316 473 357 ns
496 315 624 360 serare
647 313 780 358 usurum
804 313 897 358 carr.
1154 295 1195 356 tl

127 494 189 564 περὶ
211 493 400 564 hippomanes
431 487 502 565 post
530 499 645 544 annum
674 499 699 542 a.
727 479 762 543 U.
789 477 862 543 675.
889 479 1020 564 seriptae
1045 500 1112 545 esse
1141 481 1196 546 vi-

126 589 286 665 derentur,
315 586 425 652 Satura
447 607 536 665 vero,
559 585 645 673 eujus
666 586 825 653 Arnobius
846 586 1001 666 meminit,
1018 588 1057 654 ed
1079 609 1195 656 annum

125 718 149 762 a.
169 697 205 763 U.
224 695 289 762 lere
309 693 382 762 687.
403 695 572 782 pertineat,
594 716 657 761 non
677 716 696 760 a
716 715 806 774 vero,
827 694 952 780 opinor,
975 696 1196 776 aberrabimus,

125 806 149 870 si
173 812 345 872 statuamus
356 805 536 870 ¹Varronem
554 804 843 891 quinquagesimum
864 804 987 871 eiroiter
1001 807 1111 873 aetatis
1130 827 1195 872 au-

125 935 200 980 num
234 921 376 999 agentem
404 912 524 980 Saturis
556 913 724 979 condendis
755 932 880 999 oporam
909 912 1038 981 dedisse.
1092 916 1195 982 Multo

124 1023 259 1109 priorem
301 1030 405 1089 autem
447 1020 613 1110 quominus
654 1028 785 1088 aetatem
822 1019 1039 1101 consedemus,
1079 1025 1194 1111 prolri-

123 1132 178 1198 bet
207 1131 348 1218 inprimis
381 1130 471 1210 illud,
509 1133 607 1218 quod,
645 1152 743 1219 quum
768 1139 851 1196 eerte
878 1131 917 1196 de
941 1138 1096 1218 temporo,
1132 1154 1195 1220 quo

126 1253 304 1325 Τρικάρανος
329 1240 442 1327 scripte
469 1242 524 1320 sit,
549 1223 685 1321 constet,
711 1260 810 1326 eaque
831 1240 865 1304 in
886 1259 1002 1307 annum
1024 1260 1052 1305 a.
1067 1241 1104 1307 U.
1124 1240 1196 1306 694.

123 1347 251 1428 ineidat,
278 1369 474 1436 nequequam
495 1349 641 1420 credibile
665 1358 728 1427 est,
755 1351 928 1416 Varronem
944 1347 1010 1434 J'am
1030 1354 1121 1416 antm
1141 1369 1197 1435 per

123 1457 295 1544 longiorem
320 1479 473 1530 annorum
501 1458 612 1526 seriem
638 1457 789 1550 ejusmodi
814 1456 971 1544 opusculis
997 1458 1196 1528 eontexeudis

122 1587 252 1653 operam
281 1567 476 1652 impendisse.
499 1603 541 1617 -··
569 1571 673 1654 Atque
697 1566 741 1634 sie
768 1587 840 1635 rere
864 1565 985 1634 loeutus
1010 1574 1077 1634 erat
1096 1568 1196 1634 Varro

121 1674 208 1761 apud
229 1673 410 1744 Cioeronem
430 1673 525 1747 tend.
545 1675 569 1752 1,
587 1675 617 1756 2,
637 1674 763 1748 Saturus
784 1683 907 1755 „vetera
929 1683 1004 1741 sun“
1028 1676 1194 1763 appellans.

120 1784 204 1850 Nem
229 1803 268 1850 eo
295 1789 449 1870 tempore,
479 1803 542 1872 quo
568 1784 751 1852 Aeademiea
771 1784 884 1872 scripte
910 1791 942 1850 et
967 1783 1049 1852 edita
1075 1794 1148 1853 sunt
1176 1807 1194 1850 a

121 1890 287 1968 Gieerone,
305 1893 403 1960 Varro
423 1912 516 1980 supra
533 1893 726 1980 septuaginta
745 1914 843 1961 annos
865 1901 956 1962 uatus
976 1902 1050 1962 erat
1065 1932 1106 1944 -
1174 1888 1180 1900 ’
