2934 4750
269 327 308 368 ns
331 325 457 367 mmmm
481 325 594 384 qunruus
617 327 765 370 sanusne
790 328 1031 370 annososnroa.
1142 315 1187 376 65

122 489 205 556 hodie
234 491 359 576 quidem
387 491 418 554 in
449 491 557 575 vulgus
580 501 687 556 notum
716 502 770 557 est.
815 493 883 557 i'id.
906 494 1060 560 Wiiiiner.
1082 497 1185 564 Com-

120 609 205 664 ment.
223 600 260 666 de
281 601 315 665 Ρ.
337 601 475 672 Terentii
498 601 645 666 Varronis
667 602 788 666 Atacini
809 604 879 668 Vita
898 613 929 668 et
947 604 1075 691 Scriptis
1094 627 1123 691 p.
1141 607 1179 672 2¹

119 727 178 794 sqq.
201 717 234 774 et
254 709 419 776 Ruhnken.
441 710 539 796 Epist.
567 708 641 776 Crit.
663 711 700 774 ΙΙ.
729 733 757 796 p.
778 712 850 777 240.
873 713 934 791 (ed.
955 715 1068 800 Lips.)‚
1097 716 1183 802 eujus

117 817 191 884 haud
215 820 425 907 improbabilis
448 820 622 906 conjecture
646 828 702 896 est,
722 821 892 910 Europam,
915 823 1028 890 tibrum
1051 845 1068 888 a
1089 827 1182 892 Festo

115 949 135 990 s.
154 949 179 994 r.
200 929 311 995 Tutum
328 937 542 1006 memoratum,
566 937 683 1013 partem
708 929 791 995 iilius
809 931 1058 1020 Chorographiae
1079 933 1181 1002 fuisse

194 1038 268 1103 Coei
286 1039 333 1104 vel
354 1040 404 1104 Cei
421 1039 469 1103 lid.
485 1039 527 1104 11.
546 1038 662 1102 mentio
681 1046 727 1102 est
745 1040 825 1125 apud
840 1042 975 1110 Nonium
995 1065 1023 1128 p.
1046 1044 1117 1122 195,
1130 1045 1180 1110 30.

113 1168 132 1210 s.
154 1170 179 1212 v.
206 1149 333 1227 „Carra
359 1187 399 1196 -
428 1187 468 1198 --
493 1147 658 1216 Masouiini
688 1184 728 1194 -
759 1186 797 1194 -
822 1151 921 1214 Varro
949 1152 1020 1216 Coei
1044 1154 1093 1216 lii.
1121 1155 1182 1219 11..-

112 1255 225 1324 Galiioa
244 1267 334 1344 porta
357 1279 460 1324 carros
483 1259 610 1324 adcurat
630 1278 730 1344 usque
755 1259 897 1344 potitos.“
939 1260 1000 1324 Sed
1022 1260 1105 1326 huno
1126 1263 1181 1326 lo-

111 1386 176 1432 eum
201 1369 297 1434 Nonii
320 1377 499 1455 corruptum
529 1389 610 1444 esse,
640 1377 671 1430 et
693 1368 788 1432 alium
815 1366 927 1431 librum
948 1369 1097 1434 Varronis
1123 1373 1182 1438 sub

111 1475 157 1542 illa
180 1477 381 1563 inscriptione
404 1478 508 1556 latere,
523 1477 585 1563 jarn
606 1477 679 1542 oiim
697 1476 867 1562 judioatum
886 1483 940 1541 est
984 1477 1180 1566 Quamquam
1295 1478 1300 1484 ’

108 1583 167 1650 Jos.
180 1585 328 1669 scaligeri
344 1587 539 1652 temerariam
557 1585 763 1671 conjecturam
779 1585 911 1672 probare
927 1608 990 1652 non
1005 1609 1180 1674 possumus,

107 1695 179 1778 qui,
208 1715 306 1779 quum
327 1696 444 1761 videret
468 1695 635 1780 permultas
656 1696 803 1762 Varronis
823 1695 949 1761 Saturas
969 1697 1179 1782 proverbiali-

105 1802 164 1868 bus
187 1810 219 1867 et
240 1803 365 1870 Graecis
386 1805 634 1890 inscriptionibus
657 1807 836 1891 conspicuas
855 1805 1083 1891 apudNonium
1100 1807 1176 1876 iau-

106 1910 180 1990 dui’i,
202 1931 259 1998 pro
284 1915 355 1980 Caet'
372 1916 421 1980 lib.
445 1915 486 1980 II.
508 1914 654 1981 divinavit
674 1925 721 1984 Ἀεὶ
739 1928 832 1997 Λιβύη
856 1923 910 1994 (sc.
934 1929 1012 1999 φέρει
1028 1952 1055 1984 τι
1073 1927 1175 1998 κακόν)

106 2019 329 2089 restituendum
352 2045 433 2102 esse,
464 2033 494 2088 et
516 2023 575 2088 hoo
597 2046 652 2110 pro
675 2025 803 2089 Saturae
829 2025 956 2110 aiicujus
977 2026 1069 2091 tituio
1093 2049 1175 2092 ren—

105 2129 176 2195 dere
205 2132 291 2196 uobis
320 2141 448 2200 conatus
476 2143 532 2198 est.
580 2135 646 2198 Hoc
676 2155 749 2198 sane
781 2142 828 2197 est
857 2133 1047 2200 confidenter
1073 2157 1175 2222 agere,

105 2238 248 2306 nimirum
272 2262 310 2306 ex
332 2243 566 2327 corruptissimo
587 2243 654 2306 iooo
679 2242 748 2306 iibri
770 2242 933 2324 vestigium
958 2244 1175 2319 emerendis,

105 2345 189 2435 ouJ'us
208 2349 241 2413 in
260 2356 325 2415 tota
343 2350 526 2435 antiquitate
548 2367 649 2437 neque
671 2350 738 2414 voia
762 2369 863 2435 nequo
886 2349 1049 2434 vestigium
1068 2356 1176 2415 exstat

105 2494 142 2503 -
163 2457 291 2523 Rectius
313 2458 457 2535 sortasse,
478 2466 561 2521 oerte
582 2459 715 2535 sautius,
736 2478 807 2523 oum
828 2458 917 2523 nobis
938 2457 1095 2536 statueris,
1118 2459 1175 2523 in-

23 2592 25 2597 ·
104 2568 301 2653 scriptionem
321 2567 390 2633 iibri
415 2587 476 2632 non
500 2566 588 2643 novi,
620 2568 673 2633 sed
698 2567 820 2651 saepius
843 2567 923 2652 apud
944 2566 1081 2633 Nonium
1100 2588 1175 2631 me-

103 2678 213 2743 morati
236 2676 363 2761 alicujus
385 2674 442 2740 sub
462 2674 528 2741 istis
551 2675 647 2741 literis
663 2676 758 2755 „Coei
774 2676 822 2741 lib.
841 2675 903 2740 11³⁴
921 2676 1024 2754 latere,
1046 2674 1174 2747 tortasse

103 2786 283 2871 Logistorioi
314 2784 392 2860 Cati,
428 2785 463 2849 de
489 2784 607 2849 Liberis
631 2786 820 2860 Eduooadis,
852 2786 899 2849 vei
921 2784 1024 2872 potius
1045 2783 1173 2851 Saturae

105 2896 270 2961 Prontetlrei
291 2895 402 2961 liberi.
446 2895 619 2960 Literarum
645 2896 726 2961 enim
754 2893 896 2961 ductibus
921 2895 1068 2961 attentius
1090 2916 1172 2960 exa-

104 3005 240 3081 minatis,
272 3025 368 3090 quum
391 3006 587 3071 meminimus
609 3004 778 3071 Promethei
801 3005 984 3071 vocabulum
1006 3004 1172 3090 perfacile

103 3114 315 3200 compendium
334 3114 458 3181 Prothoi
481 3116 599 3179 calamo
622 3114 741 3179 exarari
764 3115 889 3180 solitum
906 3136 989 3191 esse,
1016 3114 1171 3197 intelligi-

104 3241 184 3299 mus,
218 3222 305 3289 facile
328 3223 396 3289 sieri
419 3224 572 3309 potuisse,
606 3230 642 3286 ut
668 3223 753 3308 prior
780 3222 845 3306 ejus
870 3243 942 3307 pars
964 3242 1019 3306 per
1041 3228 1172 3290 autece-

103 3328 173 3397 dens
197 3332 382 3397 vocabulum
418 3333 511 3395 Varro
540 3328 757 3393 absorberetur
783 3328 916 3412 indeque
944 3328 1078 3412 primum
1103 3328 1171 3404 thei,

104 3441 248 3523 paulatim
269 3460 325 3525 per
347 3459 463 3505 novum
481 3457 617 3503 errorem
638 3436 688 3503 Cei
709 3436 756 3501 vei
780 3435 851 3501 Coei
872 3434 1059 3515 efficeretur,
1091 3460 1171 3525 quae

104 3545 188 3615 lectio
216 3547 327 3613 deinde
355 3548 387 3613 in
416 3547 559 3613 omnibus
585 3544 669 3611 libris
695 3544 816 3611 insedit
858 3544 966 3631 Neque
995 3549 1169 3635 exemplum

103 3654 193 3737 deest,
206 3678 269 3744 quo
285 3665 421 3723 nostram
436 3656 641 3743 conjecturam
658 3654 855 3741 aliquomodo
871 3653 993 3721 firmare
1006 3656 1169 3742 possimus,

103 3766 126 3829 si
146 3766 271 3852 quidem
292 3768 392 3833 simile
417 3767 491 3853 quid
514 3768 547 3833 in
572 3763 633 3829 alio
652 3765 746 3831 Nouii
767 3764 834 3829 ioco
857 3764 1001 3831 aoeidisse
1020 3766 1170 3843 videmus,

103 3874 213 3941 scilieet
239 3897 268 3965 p.
299 3876 354 3955 71,
376 3876 427 3941 22.
456 3898 478 3941 s.
505 3897 531 3941 v.
561 3873 776 3951 „Aritudinem
804 3893 871 3969 pro
888 3874 1078 3953 ariditate:“‚
1114 3875 1168 3941 ubi

103 3980 194 4050 Codd.
215 3985 290 4051 Mss.
312 3987 458 4052 mendose
481 3984 606 4070 partim:
635 3984 728 4048 Varro
749 3984 843 4048 metito
866 4005 907 4047 aa
928 3984 1018 4061 libro,
1042 3983 1168 4067 partim:

109 4090 198 4159 Varro
213 4092 325 4161 Metios
347 4097 380 4159 in
397 4095 473 4161 libro
489 4094 525 4171 1.,
546 4093 672 4193 partim:
698 4092 791 4158 Varro
812 4094 946 4157 aaronis
962 4091 1014 4244 1ὥέ
1028 4090 1052 4153 Ι.
1071 4085 1167 4153 exhi-
