2934 4750
315 334 355 376 ii!
378 333 503 376 aarum
526 331 673 377 ΔΗΙῙΙΔΙ
696 329 879 374 numm
903 330 1069 378 Vdniiulss.
1182 315 1226 378 ᾗ

157 519 210 564 rao
231 497 391 564 Ennianus
415 499 534 566 luisse,
561 499 621 564 Sed
643 499 675 564 in
697 497 757 565 boo
775 517 841 564 uno
862 496 984 565 videw
1005 497 1095 563 uobis
1116 518 1225 583 parum

156 616 240 673 reote
260 609 403 674 statuisse
421 629 481 675 van
494 609 628 688 lleusde,
649 609 733 696 quod
753 607 837 675 raris
856 627 894 672 ea
914 613 1065 693 poemate,
1086 627 1126 672 ox
1144 609 1224 693 qusi-

153 717 214 782 bus
236 718 411 784 constitisse
431 717 573 784 Saturam
593 718 687 784 Ennii
713 717 799 795 dicit,
824 717 910 782 omni
934 738 1018 782 nexu
1040 724 1073 782 ct
1095 716 1225 783 vincuriis

155 827 238 892 inter
258 849 290 893 se
309 828 443 894 caruisse
463 829 626 894 existimat
651 827 787 906 Etenim,
808 828 835 893 si
856 827 915 894 boc
931 846 1041 893 vemm
1061 833 1118 904 est,
1136 847 1225 912 quo-

153 936 248 1002 modo
261 937 381 1022 singule
392 938 527 1004 carmina
541 946 573 1003 et
584 945 726 1025 peomne
735 937 895 1004 Saturae
907 936 1023 1003 iruerint
1035 936 1226 1023 appellanda,

154 1046 300 1132 equidem
328 1067 391 1112 non
414 1049 493 1124 bone
519 1069 682 1135 assequor,
715 1069 814 1135 quum
835 1047 1030 1113 meminerim
1048 1045 1226 1114 Saturam

155 1156 354 1234 vocabulum,
383 1157 465 1242 quod
489 1158 613 1244 proprie
638 1158 834 1224 collectivum
858 1163 920 1233 est,
941 1154 1049 1222 tostire
1068 1155 1108 1219 ab
1123 1157 1227 1221 Ennio

154 1274 339 1352 usurpatum
357 1287 424 1332 esse
439 1273 611 1352 propterea,
623 1265 707 1354 quod
721 1266 807 1333 varia
827 1271 859 1330 et
879 1263 1000 1329 diversa
1014 1263 1047 1327 in
1064 1263 1131 1328 istis
1143 1263 1228 1328 libris

155 1375 252 1441 veluti
274 1375 307 1441 in
329 1376 441 1441 ianoe
466 1385 597 1443 satura
616 1373 886 1462 comprehendisse
904 1371 963 1438 sibi
984 1371 1146 1439 ridebatur
1168 1378 1229 1450 1⁰).

155 1484 246 1550 Unde
271 1485 359 1551 iaciie
386 1493 527 1571 apparet,
564 1485 652 1551 illum
678 1484 805 1550 titulum
829 1481 869 1548 nb
897 1488 1024 1546 auctore
1050 1480 1229 1567 impositum

155 1593 252 1659 iusisse
277 1614 341 1658 non
361 1595 490 1678 singuiis
514 1593 701 1659 carminibus
730 1592 777 1659 vei
804 1591 1013 1679 poematibus,
1044 1588 1099 1655 sed
1126 1590 1230 1676 potius

155 1701 355 1767 referendum
377 1723 444 1768 esse
470 1703 507 1768 ad
529 1703 659 1790 majores
678 1702 781 1789 operis
802 1701 931 1767 misoolii
952 1700 1126 1787 particulas,
1148 1699 1229 1786 qui-

156 1811 218 1875 bus
245 1817 392 1897 tanquam
422 1813 479 1878 sub
506 1814 597 1878 certis
628 1820 661 1877 et
693 1811 828 1877 delinitis
863 1809 1013 1898 capitibus
1050 1809 1112 1889 iiis,
1130 1825 1229 1874 eem-

158 1919 312 2006 prebonsa
341 1921 456 1990 riserint
487 1929 580 2009 atquo
614 1921 784 2007 composita
817 1921 874 2000 ita,
914 1927 966 1998 ut,
1004 1919 1077 1984 iicet
1103 1919 1230 2003 singnis

160 2029 386 2116 quodammodo
408 2031 473 2096 sine
497 2031 624 2118 reliquis
643 2053 699 2118 per
720 2031 898 2118 sequidem
920 2036 1061 2095 constare
1078 2027 1230 2095 rideren-

159 2147 220 2218 tur,
240 2147 420 2206 ounotorum
442 2148 546 2206 temen
566 2142 645 2207 ratio
663 2163 727 2208 una
748 2148 781 2206 et
801 2148 885 2206 eertn
905 2146 1067 2225 appareret
1088 2145 1120 2202 et
1141 2137 1231 2224 quasi

159 2249 339 2316 continuum
362 2271 486 2316 carmen
514 2250 657 2321 efficeret.
714 2252 824 2336 Neque
852 2249 966 2313 mimm
994 2254 1098 2333 potest
1124 2245 1231 2322 videri,

159 2380 257 2446 quum
281 2358 357 2425 bsec
385 2359 428 2426 ita
456 2359 530 2438 sint,
562 2359 588 2425 si
615 2366 714 2425 metra
741 2359 774 2423 in
799 2356 919 2424 Saturis
939 2355 1074 2422 variasse
1092 2353 1231 2419 Ennium

159 2469 299 2554 legimus.
341 2470 422 2535 Nam
444 2468 579 2553 singulas
600 2490 706 2534 earum
727 2468 801 2533 istus
822 2465 996 2552 particulos,
1018 2462 1133 2550 quippe
1151 2484 1232 2549 quae

159 2580 245 2666 ipsae
267 2600 324 2664 per
349 2600 382 2643 se
404 2578 633 2664 quodammodo
658 2583 763 2641 essent
782 2575 940 2640 absolutae
964 2581 997 2638 et
1017 2572 1142 2659 plenae,
1169 2593 1232 2637 non

158 2689 204 2755 ita
225 2689 306 2753 inter
328 2708 394 2753 sese
416 2686 572 2772 conjugari
594 2707 719 2753 necesse
739 2695 820 2763 erat,
844 2690 881 2750 ut
903 2704 1012 2750 omnes
1031 2703 1095 2749 una
1114 2703 1233 2748 nume-

158 2816 231 2862 rum
263 2795 339 2881 lege¹
358 2802 581 2861 coercerentur.
644 2794 704 2860 Sed
731 2794 824 2859 etism
850 2794 883 2859 in
909 2792 947 2859 iis
977 2792 1052 2879 ipsis
1079 2792 1233 2858 carmini-

158 2908 236 2984 buS,
264 2927 302 2971 ex
324 2906 437 2993 qmbus
459 2905 658 2971 concinnatae
679 2904 807 2974 Saturae
829 2910 932 2982 erant,
959 2903 985 2969 si
1010 2902 1148 2969 Ennium
1170 2922 1232 2968 va—

160 3015 215 3081 riis
237 3016 343 3081 metris
365 3037 456 3083 usum
478 3036 545 3081 esse
568 3023 736 3094 constaret,
762 3014 822 3082 hoo
843 3035 907 3080 non
928 3012 1008 3081 tanti
1029 3013 1233 3089 aestimarem,

159 3132 197 3191 ut
230 3125 350 3211 generis
381 3124 516 3191 Enniani
548 3125 614 3211 iege
642 3124 760 3191 iactum
795 3145 863 3190 esse
896 3122 972 3187 mibi
1006 3121 1233 3207 persuaderem,

160 3235 285 3322 quando
315 3256 417 3321 neque
448 3234 481 3298 in
510 3232 577 3299 aliis
607 3232 809 3311 carminibus,
841 3252 921 3319 quae
958 3237 1080 3315 praeter
1109 3227 1234 3295 Saturas

160 3344 350 3429 composuit,
381 3350 551 3408 metrorum
578 3340 725 3407 varietate
755 3360 828 3404 eum
853 3338 1038 3404 abstinuisse
1061 3337 1166 3417 video,
1199 3346 1235 3405 ut

160 3455 196 3519 in
226 3451 279 3529 iis,
308 3450 422 3539 quibus
450 3450 525 3516 oiim
548 3449 730 3535 inscriptum
754 3456 822 3514 erat
839 3447 980 3535 „Scipio‘⁴
1005 3455 1038 3512 st
1055 3448 1233 3535 „Epichar-

166 3568 264 3628 mus.“
285 3566 338 3639 11)
359 3597 401 3607 -
674 3576 680 3589 ·

235 3800 280 3859 ¹⁰)
306 3800 375 3849 Nom
403 3810 421 3847 a
447 3798 599 3849 metrorum
622 3798 762 3849 varietate
788 3799 854 3850 sols
877 3797 1014 3859 appellari
1035 3798 1157 3848 Saturae
1178 3807 1261 3847 non-

163 3874 329 3949 potueiunt,
360 3881 460 3947 quippe
486 3880 516 3931 iu
542 3880 607 3932 aliis
634 3896 745 3949 quoque
772 3881 941 3933 carminibus
962 3893 1095 3932 numeros
1117 3878 1234 3930 Ennium

164 3967 295 4019 variasse
314 3967 441 4030 constat,
460 3966 494 4015 de
512 3978 568 4029 qus
586 3960 619 4017 re
638 3982 666 4017 v.
685 3971 848 4032 sequentem
865 3966 1084 4017 adnotationem.

237 4053 282 4110 11)
304 4053 347 4101 De
371 4051 580 4114 Epicharmo
610 4053 742 4103 testatum
766 4052 874 4103 faciunt
898 4051 1057 4113 trngmenta
1079 4047 1152 4107 apud
1178 4042 1236 4094 co-

165 4138 268 4203 lumn,
300 4136 431 4199 (Neapol.
457 4134 550 4195 itio.)
579 4147 606 4198 p.
631 4134 691 4185 m.
717 4137 790 4199 spuo
815 4135 927 4185 flesset.
951 4129 1120 4196 (amstelod.
1143 4127 1235 4185 1707.)
