2934 4750
358 687 963 801 communrarlo

219 1083 291 1176 u.
339 1083 692 1176 rnnnnrrr
735 1014 1098 1179 vernonis

380 1282 607 1358 SATURIS
643 1280 941 1357 MENIPPEIS.

580 1521 732 1532 --———·1

460 1763 855 1848 PROOEMIUM.

119 1934 293 2028 Recolenti
326 1963 417 2050 prisci
448 1967 515 2034 aevi
547 1963 728 2034 memoriam
764 1964 933 2053 sedulaque
963 1985 1036 2032 cura
1064 1975 1193 2053 pertra-

120 2071 214 2136 ctanti
235 2072 414 2140 innumerae
436 2097 545 2143 causae
568 2086 745 2154 occursant,
782 2075 866 2162 quod
895 2074 1084 2142 decurtatam
1110 2076 1193 2141 illam

120 2179 324 2264 plurimorum
354 2196 627 2253 monumentorum
656 2187 786 2252 interitu
812 2191 844 2249 et
869 2184 978 2251 studiis
1000 2193 1032 2250 et
1051 2185 1193 2251 delecta-

119 2287 196 2354 tioni
228 2299 351 2356 nostrae
378 2304 572 2382 praereptam
604 2317 671 2360 esse
704 2314 795 2379 aegre
830 2291 916 2358 lerat
964 2293 1057 2358 Haud
1088 2301 1193 2358 tamen

41 2465 43 2469 .
121 2395 193 2476 scio,
211 2420 250 2464 an
267 2402 389 2485 gravior
410 2404 450 2467 sit
466 2411 521 2469 aut
534 2404 646 2491 justior
664 2403 763 2480 dolor,
775 2422 869 2489 quam
890 2422 953 2488 quo
974 2418 1082 2467 eorum
1102 2401 1194 2467 vira-

117 2528 190 2572 rum
204 2528 298 2593 opera
308 2510 513 2576 intermortua
530 2532 597 2576 esse
613 2512 764 2596 lugemus,
774 2510 829 2596 qui
842 2509 907 2574 lere
923 2506 1055 2574 inomni
1070 2508 1193 2574 doctri-

119 2636 177 2682 nae
201 2637 314 2702 genere
336 2618 380 2683 ita
396 2616 623 2697 excelluerunt,
644 2626 696 2697 ut,
724 2617 985 2704 quemadmodum
1007 2636 1081 2683 suae
1101 2621 1193 2683 aetati

118 2725 303 2790 exstiterant
319 2726 432 2792 artium
449 2726 669 2814 literarumque
683 2727 787 2806 duces,
798 2728 842 2794 ita
859 2736 1054 2815 posterorum
1069 2746 1193 2814 quoque

118 2832 295 2899 seculorum
313 2836 422 2902 studiis
441 2844 569 2923 possent
585 2830 732 2923 tanquam
749 2837 850 2904 aditus
867 2837 1025 2904 recludere
1044 2836 1192 2903 munire-

119 2962 180 3028 que
199 2942 272 3020 vias,
288 2964 343 3029 per
357 2966 433 3032 quas
453 2944 492 3011 ad
507 2945 722 3032 antiquitatem
741 2947 912 3014 accuratius
931 2964 967 3012 ac
979 2946 1091 3012 melius
1109 2966 1191 3029 cog-

120 3050 305 3116 noscendam
332 3055 493 3139 pervenire
521 3053 635 3121 liceret
686 3054 830 3135 Quorum
859 3056 892 3120 in
917 3070 1048 3121 numero
1084 3062 1190 3119 utrum

116 3160 184 3245 J'ure
212 3181 252 3226 an
276 3158 387 3248 injuria
410 3162 689 3249 comprehendatur
710 3165 755 3229 Μ
777 3162 941 3228 Terentius
959 3162 1074 3241 Varro,
1102 3162 1190 3249 diju-

118 3266 219 3333 dicare
247 3290 311 3333 non
339 3288 444 3335 meum
474 3277 536 3335 est:
569 3279 606 3336 nt
634 3291 727 3355 quem
755 3279 788 3335 et
811 3290 867 3335 sua
893 3276 925 3335 et
951 3290 1085 3354 sequens
1108 3278 1191 3335 aetas

118 3384 205 3441 tanto
224 3383 297 3441 sunt
315 3376 435 3443 honore
454 3384 602 3463 tantaque
618 3377 709 3443 laude
727 3382 908 3464 prosecutae
929 3376 970 3443 oh
987 3375 1137 3463 insignem
1158 3380 1190 3445 in

119 3484 220 3549 omnis
241 3480 306 3549 lere
326 3483 484 3552 doctrinae
505 3486 590 3551 omni
610 3494 698 3573 parte
725 3486 901 3565 scientiam,
940 3496 977 3553 ut
1003 3486 1099 3552 veluti
1125 3508 1190 3553 uno
1270 3512 1299 3549 ·.

12 3590 14 3595 ’
119 3612 173 3657 ore
205 3590 373 3658 clamarent
399 3596 611 3662 Romanorum
645 3617 717 3663 eum
750 3596 841 3682 longe
872 3594 1114 3661 eruditissimum
1149 3601 1190 3674 ¹).

120 3699 198 3779 Quis
216 3702 283 3766 est?
302 3700 354 3786 qui
374 3702 494 3787 ignoret
504 3702 662 3771 Ciceronis
678 3705 781 3784 verba,
793 3703 906 3790 qubus
923 3704 1075 3770 infinitam
1092 3724 1189 3789 paene

121 3806 176 3874 viri
198 3808 405 3876 eruditionem
427 3811 585 3891 describit,
608 3812 697 3879 haec:
734 3816 816 3893 ,ullos
838 3815 871 3879 io
891 3826 994 3881 necao
1016 3814 1090 3881 urle
1106 3836 1190 3900 per-

191 4046 219 4105 1)
234 4046 354 4097 V.'vett
373 4048 482 4111 scrlpcc.
507 4050 540 4099 de
559 4050 689 4103 Varrone
708 4048 819 4118 judicie
840 4065 875 4102 ac
893 4052 1053 4103 testimonla
1069 4064 1115 4113 ap.
1131 4052 1190 4099 An-

122 4139 182 4177 con.
196 4128 326 4192 Popmam
342 4129 469 4193 praelixa
484 4128 547 4197 ejus
563 4132 632 4196 opp.
647 4137 731 4185 Varr.
751 4136 875 4185 editioni.
911 4139 958 4195 (L.
971 4137 1002 4185 B.
1018 4133 1083 4183 16⁰1
1100 4132 1131 4181 ln
1148 4132 1188 4191 Θ.)

1017 4210 1031 4271 l
