2934 4750
323 272 517 322 aaruaaaua
541 271 772 324 mauritanum
793 271 978 329 aureuma.
1123 254 1184 318 m

123 449 197 508 loslua
217 447 326 494 convivii
347 446 444 504 habitu,
458 444 518 498 Jaclt
537 445 561 492 ln
575 456 633 504 eoa,
651 447 692 500 aul
708 445 825 502 nuaram
842 444 949 494 fructu
964 445 1145 506 conviviorum,
1163 453 1186 493 et

125 519 246 566 noueram
266 520 384 572 apparatu
401 516 516 567 cultuque
539 515 678 559 abutuntur.
712 514 741 559 ld
759 524 793 558 ex
811 525 854 572 ea,
879 515 979 573 opinor,
1003 516 1068 569 anea
1085 520 1186 562 veteres

124 585 224 631 Romani
246 582 363 630 convivia
385 583 511 637 agitabant
533 581 636 636 reamini
657 586 681 626 at
703 582 734 627 ad
758 583 858 626 multam
876 587 973 640 nectem
993 580 1186 637 maducabant&

28 685 29 698 t
123 655 219 708 Peuma.
253 653 293 700 Aa
310 652 392 706 losum
410 649 567 706 proverbium
586 647 694 694 conlarrl
711 650 769 696 lieet
786 656 909 696 nostrum:
929 653 981 709 „Es
995 651 1028 698 iel
1040 654 1105 698 noch
1120 652 1186 697 nicht

28 727 29 740 ¹
123 723 178 766 aller
195 723 263 775 Tago
282 715 388 765 Abend“
408 719 463 775 vel,
480 721 507 761 ut
525 721 562 762 est
580 717 607 761 ln
625 716 650 761 ln
665 717 773 762 carmine
790 718 965 765 ecclesiastico
985 721 1037 777 „Es
1055 721 1123 765 kann
1139 731 1187 765 vor

123 792 195 836 Noetu
213 789 288 839 telam
306 788 399 834 anam
419 784 534 842 acernen,
565 786 605 831 als
625 795 653 830 ae
677 795 716 832 am
740 784 829 832 friam
845 791 949 842 mosaco
966 785 1050 834 'anst‘
1082 789 1186 834 Praeter

123 859 226 914 rsonae
244 855 428 902 adnotationem
442 854 514 906 juvat
532 853 608 898 altare
626 853 699 898 attam
717 856 796 898 verba
813 856 887 911 caso.
904 856 997 902 nartali
1014 857 1078 902 Aba.
1090 859 1185 913 XXXV,

122 923 154 971 bs
173 921 369 984 „Afgumentnm
387 921 450 966 enim
461 920 632 967 varronianae
644 921 742 966 satirae
759 921 811 977 luit,
826 923 908 968 omnia
921 924 947 968 ln
965 923 1015 968 vita
1031 935 1064 969 ex
1082 936 1129 970 usu
1147 924 1185 970 la·

122 993 213 1039 cliente
231 992 360 1038 commoda
375 994 400 1036 et
415 988 526 1036 suaviter
542 991 649 1048 agenda,
664 989 701 1034 nil
715 988 873 1049 superfluum,
887 989 964 1049 iaetu,
986 991 1126 1050 ambitione,
1144 997 1186 1037 aut

122 1062 166 1106 alle
190 1061 265 1105 animi
289 1059 396 1104 alatione
420 1056 607 1116 admittendum,
634 1056 733 1104 nescire
758 1057 822 1102 enlm
844 1068 945 1116 omnes,
972 1058 1028 1110 auid
1047 1060 1200 1113 praesenta..

121 1129 190 1177 ulam
208 1128 258 1174 olei
275 1137 370 1182 vesper
386 1122 486 1172 vehar&

141 1216 166 1280 l.
200 1214 417 1301 lepidissimus
437 1211 511 1276 liber
528 1221 569 1276 est
584 1210 626 1276 M.
652 1209 798 1275 Varronis
818 1233 857 1276 eu
871 1209 994 1277 Satun's
1011 1213 1188 1300 Menippeis,

200 1325 255 1411 qui
274 1323 451 1388 inscribitur
467 1320 574 1386 Nescis
594 1318 678 1398 Quid
695 1321 816 1405 Vesper
835 1319 929 1387 &nus
949 1321 1060 1400 Vehat,
1076 1324 1110 1388 in
1129 1345 1188 1410 quo

201 1433 322 1504 disserit
349 1432 385 1496 cle
408 1442 477 1520 apto
501 1429 696 1495 conuiuarum
716 1451 841 1497 numero
870 1432 961 1519 leque
988 1433 1085 1518 ipsius
1108 1456 1188 1498 con-

200 1545 278 1608 uiuii
301 1543 406 1606 babitu
433 1540 578 1626 uoltuque.
626 1539 712 1604 Dicit
733 1553 832 1606 aaran
859 1543 1055 1607 conaicuman
1075 1565 1189 1609 nume-

201 1671 272 1716 rum
296 1651 430 1737 incipere
454 1659 590 1736 oportere
610 1671 629 1714 a
653 1648 832 1716 Gratiarum
851 1672 977 1716 numero
999 1665 1027 1716 et
1041 1653 1192 1739 praecedi

203 1759 244 1824 od
264 1759 440 1836 Musarum,
460 1759 565 1836 idest,
582 1759 739 1846 proficisci
758 1783 778 1824 a
799 1761 909 1840 tribus,
932 1773 959 1826 et
978 1765 1135 1828 consumere
1154 1765 1188 1828 in

203 1891 321 1948 novun,
339 1882 387 1947 ut,
410 1891 476 1934 cum
488 1870 671 1956 pouu'ssimi
689 1871 832 1936 conuenae
846 1882 925 1949 eunt,
946 1892 1010 1937 aaa
1025 1874 1192 1960 pataciorcs

201 1983 275 2057 sint,
306 2001 395 2068 qaam
415 1990 488 2056 tres,
522 1999 589 2043 cnm
605 1980 750 2066 plurimi,
779 2003 841 2045 non
860 1982 981 2067 plures,
1010 2003 1100 2068 quam
1122 2005 1188 2047 na-

202 2112 266 2155 uem
292 2093 328 2173 ⁸).
372 2090 469 2167 „Num
494 2089 645 2166 multos“,
681 2089 796 2176 iuquit,
832 2110 917 2165 „esse
946 2110 1009 2152 non
1036 2091 1189 2168 convenit,

204 2198 290 2284 quod
316 2197 408 2263 turba
434 2197 618 2282 plerumque
645 2181 705 2262 ast*
718 2195 899 2260 turbulenta
924 2202 958 2258 et
980 2202 1011 2271 b)
1035 2217 1189 2281 nusquam

204 2306 360 2373 accubat“.
409 2306 534 2392 „Ipsum
556 2303 666 2367 deindo
690 2303 865 2368 convivium
891 2309 1046 2382 consur,
1083 2306 1190 2393 iuquit,

204 2438 261 2498 „ex
282 2415 376 2480 rebus
399 2420 547 2499 quatuor,
570 2420 602 2477 et
623 2420 689 2479 tum
714 2412 848 2499 denique
869 2413 1013 2479 omnibus
1036 2414 1099 2479 suis
1121 2436 1190 2480 nu-

204 2527 298 2591 meris
320 2523 497 2589 absolutum
519 2528 581 2587 est:
623 2520 650 2586 si
669 2520 742 2587 belli
763 2520 943 2589 homunculi
965 2522 1085 2588 collecti
1108 2531 1191 2600 sunt,

204 2636 230 2700 si
254 2636 370 2700 electus
396 2633 495 2709 loeus,
535 2631 560 2697 si
584 2638 705 2717 tempus
728 2632 857 2710 lectum,
896 2632 921 2697 si
941 2639 1106 2719 apparatus
1127 2654 1190 2697 non
1216 2686 1224 2695 .

205 2745 391 2829 neglectus‘.
434 2741 517 2817 „Nee
539 2741 682 2827 loquaces
702 2729 841 2820 autem‘,
874 2741 989 2829 inquit,
1019 2740 1190 2820 „eonvivas,

207 2873 263 2917 nco
283 2852 397 2917 multos
420 2851 520 2935 legere
541 2856 679 2937 oportet,
718 2852 791 2939 quia
813 2852 990 2941 eloquentia
1011 2852 1044 2918 in
1069 2851 1136 2916 soro
1159 2859 1190 2917 et

204 2962 287 3049 apud
305 2960 466 3039 subsellia,
487 2960 645 3027 silentium
667 2982 824 3027 veronen
845 2962 877 3026 in
898 2963 1055 3041 oonvivio,
1083 2962 1136 3027 sed
1157 2962 1189 3026 in

205 3072 346 3138 eubiculo
369 3092 435 3137 esse
458 3070 576 3137 debet“.
619 3070 776 3137 Sermones
796 3073 893 3156 icitur
913 3074 947 3137 ib
965 3073 1107 3158 runcoris
1126 3071 1190 3133 ba-

204 3183 313 3247 bendos
334 3192 429 3246 censet
449 3202 512 3245 non
531 3202 622 3269 super
644 3180 733 3244 rebus
755 3182 859 3244 anulis
882 3192 935 3246 aut
956 3178 1112 3249 tortuosis,
1141 3176 1192 3239 scd

198 3291 351 3375 nummulos
377 3300 464 3373 atque
485 3288 667 3362 invitabiles,
705 3298 732 3352 ct
756 3308 825 3351 cum
849 3288 980 3372 quadam
1005 3283 1141 3348 illecebra
1167 3296 1193 3349 et

204 3398 353 3483 uoluptate
366 3397 461 3472 utiles,
479 3418 517 3460 eu
533 3396 640 3482 quibus
653 3397 807 3481 smyrnium
823 3407 958 3460 nastrum
973 3393 1124 3458 venustius
1137 3392 1194 3479 fiat

207 3518 235 3573 et
255 3508 418 3572 amoenius.
462 3504 573 3585 „Quod
592 3504 764 3592 prosecto“‚
786 3506 900 3593 inquit,
926 3501 1081 3584 ‚,eveniet,
1106 3502 1132 3567 si
1153 3502 1191 3567 de

206 3617 237 3683 id
262 3638 359 3703 genus
381 3616 533 3683 rebusad
556 3637 755 3682 communem
779 3615 859 3681 vitae
884 3636 975 3682 usum
999 3612 1191 3701 pertinenti-

207 3729 265 3793 bus
288 3727 536 3805 confabulemur,
557 3726 727 3813 dequibus
751 3725 783 3791 in
804 3724 873 3790 loro
893 3733 987 3811 atque
1007 3724 1039 3788 in
1057 3722 1192 3807 ,negotiis

209 3837 334 3923 agendis
357 3837 442 3924 loqui
466 3857 528 3901 non
549 3844 595 3902 est
615 3836 733 3902 otium“
760 3841 798 3914 a),
850 3834 1037 3913 „Dominum
1060 3838 1193 3908 autem“,

209 3944 321 4035 inquit,
360 3947 509 4025 ,convivii
531 3969 597 4013 osse
620 3954 743 4032 oportet
763 3966 825 4009 non
847 3951 913 4010 tam
928 3943 1061 4019 lanium,
1099 3959 1192 4026 quam

209 4058 275 4125 sinc
296 4056 470 4135 sordibus“‚
494 4069 519 4122 et
540 4057 591 4135 „in
613 4056 755 4123 convivio
778 4054 841 4139 legi·
860 4074 922 4119 aon
943 4052 1048 4117 munia
1069 4048 1192 4122 debent,
