2934 4750
337 275 532 320 urrunnun
555 276 785 322 uaurrrrrarorr
807 280 991 337 rasrourar.
1128 233 1197 328 ‘101

158 445 182 507 l.
217 442 273 508 llle
306 441 369 508 ales
398 443 511 527 gallus,
550 443 604 528 qui
639 444 805 512 suscitabat
836 445 1009 514 Atticarum
1037 448 1198 517 Musarum

219 551 397 639 scriptores,
419 572 459 619 an
481 551 531 618 hie
552 552 624 638 quia
645 575 769 640 gregem
788 555 989 625 tabularum?

154 663 183 726 1.
218 662 323 742 Quare
345 661 462 728 resides
480 661 667 746 lingulacae,
696 665 918 732 obtrectatores
936 666 999 744 tui,
1029 668 1092 755 jam
1116 689 1199 734 nune

216 779 445 839 murmurantes
467 770 586 836 dicuni:
606 787 781 858 Μωμήσεταί
796 793 846 852 Τις
856 786 1019 846 Moillov'dl
1026 791 1197 862 Mrpricatar.

153 881 181 945 3.
215 879 311 948 Omni
335 880 488 947 obstant
479 903 512 946 ιιι
531 875 703 946 ministerio
722 882 861 949 invidrlm
882 885 979 951 tobes.

153 991 187 1088 4
216 990 347 1056 Praetor
368 997 469 1057 vester
488 991 603 1077 eripuit
622 992 699 1058 mihi
721 993 901 1079 pecuniam
939 994 978 1059 de
996 1015 1033 1060 ca
1054 1002 1198 1082 questum

218 1099 257 1164 ad
283 1121 399 1167 annum
427 1101 548 1166 reniam
575 1102 614 1166 ad
644 1123 758 1169 norum
784 1103 1013 1188 magistratum,
1051 1125 1122 1172 eum
1150 1104 1200 1169 bic

217 1229 292 1296 rapo
312 1209 454 1276 umbram
477 1209 603 1298 qaoque
624 1212 690 1298 spei
710 1212 896 1279 devorasset

152 1317 182 1383 5.
213 1319 363 1407 imperito
384 1340 609 1408 nonnunquam
629 1322 746 1388 concha
764 1322 887 1390 videtur
907 1321 1079 1414 margarita,
1101 1329 1212 1412 puta--

216 1451 288 1496 men
309 1427 495 1514 smaragdos.

153 1537 182 1603 6.
216 1539 249 1605 si
277 1547 310 1604 et
341 1547 500 1606 accusator
532 1547 565 1605 et
594 1561 666 1606 reus
699 1547 792 1607 enmt
818 1542 1031 1625 tenebriones,
1069 1548 1201 1627 uterque

217 1654 386 1734 utrumque
407 1649 590 1733 vituperato.

153 1759 182 1823 7.
217 1755 281 1838 Qui
303 1766 406 1846 potest
425 1758 492 1824 laus
513 1758 609 1826 rideri
629 1761 738 1825 versa?
765 1781 836 1828 oum
858 1769 947 1829 motu
968 1784 1060 1850 saepe
1081 1760 1200 1828 lruaces

215 1889 370 1947 essemus,
409 1890 444 1934 ac
464 1865 671 1958 nequissimus
691 1869 766 1936 olris
790 1871 879 1958 juxta
902 1894 938 1939 ac
957 1873 1088 1941 Publius
1106 1871 1200 1938 Airi-

215 2000 318 2046 oanus.
534 2053 538 2060 ,
1183 1959 1188 1971 ’

153 2089 182 2156 8.
214 2081 301 2170 „Hoc
320 2089 446 2157 Graecis
466 2089 666 2168 renuntiatio,
688 2098 724 2154 ut
746 2089 834 2157 lacile
855 2092 1061 2177 intellegeres,
1080 2112 1137 2157 nos
1161 2091 1200 2154 ab

215 2199 265 2264 his
287 2199 412 2276 amari“,
431 2205 726 2264 conmurmurantur
747 2207 838 2268 αὐτοι.

152 2311 185 2376 9.
219 2307 390 2374 Dominum
408 2305 554 2385 convivii,
575 2306 695 2399 vinum,
714 2305 836 2371 aliudve
853 2305 983 2393 quidni?
1002 2343 1043 2354 -
1064 2304 1201 2373 laudato!

133 2421 182 2487 10.
216 2420 301 2485 Dum
322 2416 406 2494 rixi,
429 2416 581 2503 promisca
603 2416 666 2481 avis
686 2414 764 2481 meis
786 2416 819 2481 in
841 2417 1000 2485 ebortibus

141 2565 146 2577 -
217 2530 316 2597 Parit.
688 2572 692 2581 .

135 2644 185 2707 ll.
222 2638 328 2726 Sigilla
350 2638 490 2723 inpressa
510 2636 542 2700 in
565 2626 671 2701 mento
689 2637 814 2703 Amoris
835 2637 965 2723 digitulo

218 2748 357 2834 Vestigio
377 2747 590 2812 demonstrant
610 2746 846 2813 mollitudinem.

134 2860 184 2925 12.
220 2859 309 2939 Quos
331 2856 548 2943 calliblepharo
567 2856 699 2923 naturali
720 2857 886 2944 palpebrae

219 2969 346 3034 Tinctae
367 2966 494 3033 vallatos
516 2966 622 3032 mobili
641 2974 729 3054 septo
751 2976 868 3034 tenent

136 3080 185 3146 13.
220 3079 342 3147 Collum
362 3098 541 3165 procerum,
566 3076 671 3142 lictum
695 3078 754 3143 levi
777 3098 940 3157 marmore,

219 3190 372 3275 Regillum
392 3189 528 3253 tunicam
549 3186 693 3270 discingit
711 3188 858 3271 purpura.

135 3303 185 3365 14.
219 3304 302 3363 Ante
325 3297 408 3361 auris
428 3296 521 3359 modo
549 3316 588 3358 ex
609 3294 770 3359 subolibus
791 3293 1033 3360 demittebantur
1052 3312 1107 3355 sex
1129 3292 1202 3354 cin-

221 3405 317 3471 cinni:
354 3404 435 3469 oculi
458 3402 631 3490 suppactuli
654 3402 775 3487 nigellis
796 3403 921 3490 pupulis
943 3424 1036 3489 quam
1057 3400 1203 3465 hilarita-

221 3526 284 3583 tem
308 3514 514 3600 significantes
532 3510 641 3578 animi!
663 3513 759 3580 rictus
779 3514 978 3602 parvissimus
996 3522 1032 3580 ut
1051 3510 1204 3579 refrenato

223 3628 290 3693 risu
305 3623 408 3693 roseo!

203 3740 230 3790 1.
265 3742 317 3803 Ap.
334 3740 405 3789 Non.
423 3752 450 3800 p.
469 3737 512 3803 28,
530 3738 572 3787 21.
593 3751 619 3786 v.
637 3736 773 3801 nabulae,
790 3737 922 3803 litigiosi,
940 3750 960 3787 a
978 3737 1056 3789 rable
1074 3735 1152 3787 dlctl.
1170 3758 1205 3771 -—

136 3838 178 3877 arr
195 3824 257 3890 lete,
275 3827 350 3889 polo
363 3823 450 3875 Godd.
485 3835 524 3874 cm
545 3823 608 3889 dte,
628 3825 675 3887 qut
694 3820 731 3888 cj.
749 3826 854 3886 Mero„
874 3823 988 3885 Poprna.
1009 3848 1037 3860 -
1057 3821 1113 3871 Per
1126 3818 1206 3882 prlo-

135 3922 195 3961 rem
213 3910 317 3973 gallum
337 3904 533 3974 significantur
551 3908 625 3958 bella
639 3908 771 3972 Persica,
787 3920 859 3970 quae
875 3908 1036 3958 Herodotus
1054 3917 1156 3956 novem
1170 3904 1206 3953 ll-

135 3994 196 4044 bria
221 3994 383 4055 complexus
409 3996 467 4054 est,
502 3992 549 4055 qui
567 3996 668 4054 postea
685 3996 828 4043 Mrrsarnm
845 3991 1002 4042 nominibus
1018 3985 1205 4040 Alexandriae

138 4081 204 4130 suut
227 4076 365 4141 inscripti.
407 4077 516 4127 Gallum
538 4079 630 4127 autem
658 4076 769 4140 signum
792 4076 943 4128 Persarum
969 4074 1088 4126 rullitare
1108 4069 1206 4121 ‘lutose
