2934 4750
282 239 348 309 m
621 259 654 301 rr.
677 258 830 305 ruuueu
854 258 1011 307 veltuorum

302 423 333 488 5.
366 427 485 489 Anne
503 441 575 490 eum
597 422 730 490 volueris
756 424 841 491 veuit
859 423 940 510 apud
961 423 1030 488 illos
1058 424 1215 509 usquead
1242 425 1348 492 limine

368 531 432 596 nidi
454 531 503 597 evi
524 530 601 597 vilis.

303 642 333 707 6.
365 642 436 709 Nou
458 639 634 728 quaerenda
654 646 702 704 est
721 639 856 719 homini,
888 641 942 726 qui
962 641 1056 708 habet
1075 641 1236 721 virtutem,
1266 665 1345 728 pee-

366 748 440 815 nula
460 748 493 813 in
513 748 614 816 imbri.

303 860 332 924 l.
365 857 551 924 Praesertim
577 878 648 924 eum
673 864 812 924 ventrem
841 878 945 924 meum
972 857 1150 924 coheroeun
1172 879 1229 926 nee
1251 879 1344 926 mur-

366 966 481 1031 murari
502 967 611 1052 potior.

302 1077 333 1144 8.
365 1075 446 1142 (Irim
468 1095 569 1161 neque
590 1081 694 1161 optem
713 1075 815 1142 mollis
832 1058 970 1145 humeris
987 1075 1114 1142 fibulam
1136 1096 1227 1161 segem
1244 1075 1343 1142 terret

301 1188 332 1251 9.
365 1185 479 1252 Oleum
498 1184 532 1248 in
551 1183 795 1251 lueuhrnionen
816 1184 1015 1262 servabimus,
1036 1207 1129 1271 quern
1149 1190 1181 1251 in
1201 1206 1344 1272 sporagos

364 1300 467 1365 totum
483 1292 637 1380 leoythum
659 1302 842 1361 evertamus.

283 1405 331 1470 10.
364 1404 452 1490 „Ego
476 1424 559 1468 nuno
586 1401 710 1489 postulo
730 1409 964 1489 Agamemnona
991 1403 1128 1474 meum!“
1163 1405 1257 1471 tontis
1284 1426 1344 1470 oo-

364 1512 488 1580 thurnis
510 1513 619 1599 oeeipit
640 1513 768 1580 Critone
789 1513 986 1580 caliendrum.

346 1687 373 1737 1.
407 1687 460 1750 οφ.
474 1687 548 1738 Non.
561 1699 589 1749 p.
604 1685 652 1752 4⁷,
672 1684 713 1736 ll.
730 1699 758 1737 v.
774 1683 893 1737 Prodius
911 1685 1014 1737 dietum
1030 1684 1165 1751 interius,
1179 1685 1309 1750 longius,
1326 1699 1343 1736 e

278 1771 452 1835 prodeundo,
469 1769 552 1833 qnasi
562 1781 649 1832 qorro
667 1771 769 1820 eundo.
783 1793 819 1808 -
834 1772 955 1823 inuadit
968 1772 1107 1821 huurenb.
1140 1771 1236 1822 Verba
1252 1772 1286 1821 td
1301 1774 1346 1822 ert

278 1857 361 1905 intro
384 1854 521 1918 privatos
540 1865 641 1905 muros
670 1853 819 1904 novissimi
845 1853 930 1906 Nonii
954 1853 1078 1904 editores
1104 1867 1166 1905 eum
1188 1855 1294 1917 Popme
1315 1859 1343 1906 et

278 1938 419 1990 Laurente.
435 1949 489 2000 pro
506 1937 678 2000 glossemate
701 1939 866 1990 habuerunt.
901 1939 957 1989 sed
975 1935 1152 2004 injuriando
1170 1937 1288 2003 laetum,
1314 1941 1344 1989 ut

278 2035 334 2086 ego
346 2018 455 2088 judico.
489 2021 555 2072 Alio
569 2032 618 2073 res
636 2024 716 2072 esset
732 2021 758 2073 si
772 2023 905 2088 seriptum
922 2025 1049 2073 exstaret
1065 2023 1169 2072 introit
1180 2023 1263 2073 intra
1277 2025 1345 2086 prr-

277 2109 363 2158 vator
380 2117 481 2157 neuros
500 2107 535 2157 id
551 2106 597 2156 est
611 2106 734 2157 domum.

345 2189 372 2239 2.
405 2192 459 2252 Δρ.
474 2192 547 2242 Νοο.
565 2204 593 2253 qr.
610 2188 695 2255 7,1l.
712 2205 740 2240 v.
759 2188 878 2253 Frigore
895 2191 940 2241 est
956 2192 986 2240 et
1000 2189 1130 2254 trigulire
1145 2192 1174 2239 et
1189 2189 1343 2256 tritinnire,

278 2272 409 2324 sussilire
422 2285 483 2325 oum
497 2286 580 2324 sono.
594 2299 630 2311 -
646 2271 842 2336 {attendentis
855 2276 944 2325 Mero.
977 2271 1157 2336 fuliniensis
1174 2274 1218 2324 ed.
1231 2273 1342 2323 novies.

344 2357 371 2408 8.
404 2358 457 2421 Ap.
476 2357 546 2409 Non.
564 2371 592 2419 p.
609 2357 671 2423 886,
688 2357 732 2407 86.
748 2369 776 2407 v.
793 2359 914 2422 laevane,
929 2384 964 2396 -
977 2358 1117 2409 relevare.
1135 2384 1170 2396 -
1185 2371 1243 2409 non
1253 2357 1343 2423 jacta

276 2453 351 2492 novo
371 2442 414 2492 ed.
431 2440 541 2493 noviss.
585 2443 665 2493 laete
679 2454 754 2493 novo
774 2444 833 2513 len.¹
853 2440 892 2507 oj.
909 2444 1012 2508 Mero,
1042 2441 1164 2507 ScalIg„
1193 2443 1344 2509 Lanuenlr„

276 2524 394 2588 Poqmo3
426 2537 484 2578 non
501 2526 592 2591 mole,
619 2526 702 2577 modo
721 2527 830 2579 nonde
851 2525 898 2579 nvi
914 2527 1000 2580 verbu
1016 2525 1172 2590 intelliges.
1209 2526 1345 2588 Equidem

270 2608 398 2673 jerem
405 2622 492 2674 noea,
506 2610 580 2671 quod
589 2608 680 2674 jacta
692 2622 745 2672 qer
758 2610 948 2673 compendium
961 2609 1095 2671 seriptum
1112 2614 1184 2675 eret,
1202 2614 1250 2660 unt
1262 2612 1345 2663 lueto

275 2706 351 2744 novo
371 2692 575 2744 restituendum
594 2706 660 2744 esse
678 2705 800 2759 censen,
828 2693 990 2759 intelligens
1009 2694 1042 2743 de
1064 2694 1161 2743 vetere
1179 2694 1239 2758 evi,
1271 2708 1344 2757 quae

276 2776 325 2828 vix
338 2773 481 2840 ‚iacturam
500 2776 638 2838 pullorum
660 2778 770 2829 fecerat
791 2790 881 2841 enque
895 2778 1024 2829 relevate
1041 2780 1119 2843 erat,
1152 2790 1233 2842 quum
1249 2791 1344 2829 novos

275 2859 370 2922 nudos
387 2860 548 2921 nascendos
565 2860 740 2923 alendosque
757 2860 812 2911 sihi
829 2862 911 2913 delos
931 2861 1008 2915 vidit·

344 2939 370 2990 l.
404 2944 456 3004 Ap.
474 2944 546 2991 Non.
561 2956 588 3003 q.
604 2941 672 3007 eol,
693 2943 737 2993 86.
756 2958 784 2993 v.
802 2943 929 3012 cogere,
946 2944 1070 3011 mollire,
1090 2944 1238 3009 subiger03
1271 2948 1302 2995 et
1316 2960 1344 3009 p.

276 3024 337 3090 888,
355 3023 398 3073 w.
412 3038 441 3074 v.
456 3025 577 3089 begere,
592 3025 739 3091 colligere.
754 3054 789 3065 -
804 3028 916 3093 cogere
933 3029 1022 3081 eibum
1039 3030 1071 3079 ut
1086 3032 1212 3089 nostrum
1228 3028 1258 3077 in
1276 3043 1345 3091 qro-

276 3108 378 3161 vineils
397 3107 442 3159 die
459 3108 558 3171 sqeise
575 3110 784 3179 unterkriegen‚
801 3111 820 3161 i.
837 3124 863 3163 e.
882 3112 957 3166 ihrer
970 3114 1043 3165 Hert
1057 3113 1179 3165 werden.
1214 3112 1346 3165 Pancar-

275 3193 375 3257 pineus
390 3195 484 3247 eutem
507 3197 554 3246 eet
571 3195 650 3245 eibos
668 3208 705 3247 ex
725 3196 864 3250 fructibus
886 3196 1050 3261 frugibusve
1069 3192 1201 3261 cujusvis
1226 3198 1344 3258 generis

276 3263 429 3344 oolleo'tus,
459 3270 638 3343 πάγκοιοπος,
669 3283 700 3331 ut
714 3281 818 3331 Graeci
837 3280 933 3332 dicunt
950 3282 1000 3341 (οῖ.
1019 3273 1181 3345 πάγκαρποι
1196 3273 1342 3343 στέφανοι,

275 3354 444 3427 πάγκαρπον
461 3353 554 3418 αὐδάν
575 3364 872 3429 Meleagr.1tqigr.1,
894 3363 920 3415 1.
953 3364 1034 3415 Feret.
1052 3376 1077 3415 s.
1097 3378 1124 3412 v.
1147 3362 1342 3429 „Pancarpine

275 3445 406 3495 dicuutur
422 3457 547 3497 coronae
564 3459 602 3496 ex
617 3446 699 3497 vario
715 3460 820 3511 genere
844 3446 942 3499 florum
959 3446 1097 3505 leotae“).
1131 3446 1342 3515 Paneorqineue

275 3529 368 3577 autem
391 3524 561 3593 adjectivum
583 3530 729 3581 formatum
754 3534 815 3595 est,
845 3535 877 3583 ut
899 3530 1137 3583 oarboslneus
1162 3543 1180 3580 ο
1204 3533 1341 3583 norbanus

275 3611 383 3669 (Varro
398 3624 442 3673 aq.
459 3613 532 3665 Non.
549 3612 677 3675 ι).841.).

342 3696 368 3744 o.
400 3696 455 3757 Ἀρ.
470 3698 543 3747 Non.
559 3710 585 3757 q.
604 3696 665 3760 888,
681 3697 707 3747 8.
726 3710 754 3747 v.
771 3696 878 3763 Limen,
896 3698 987 3751 omnis
1004 3697 1172 3763 ingressum
1192 3701 1222 3748 et
1234 3710 1264 3761 p.
1282 3698 1340 3763 529,

274 3776 300 3827 9.
319 3791 346 3828 v.
364 3778 430 3831 Vile
446 3779 568 3842 positum
583 3779 704 3843 legimus
720 3792 772 3843 pro
790 3781 940 3847 frequenti.
956 3810 990 3821 -
1014 3782 1062 3836 Aa
1075 3795 1148 3847 quoe
1165 3794 1229 3834 cum
1254 3780 1340 3833 Godd.

273 3860 420 3926 inpriore,
438 3862 548 3915 Atadoe
564 3864 625 3921 (vel
640 3862 773 3933 Attodor,
790 3871 822 3919 ut
835 3869 917 3918 habet
933 3866 1002 3920 (lod.
1021 3866 1114 3917 Guell.
1133 3868 1162 3915 et
1177 3864 1222 3914 ed.
1236 3868 1340 3923 Mero.)

274 3958 299 3997 e.
321 3946 457 4007 praebent
476 3945 506 3997 ln
530 3946 631 3998 altero.
680 3945 808 4002 moder
830 3953 874 4001 ed.
891 3948 981 4014 qrtne.
1035 3948 1112 4003 Acta
1129 3962 1184 4000 eor
1200 3950 1246 3998 ed.
1265 3947 1340 3999 148⁰.

274 4028 424 4081 Attelodur
442 4040 505 4079 corn
521 4030 655 4082 volueris
673 4031 711 4097 ej.
730 4036 796 4087 Jun.
849 4034 1060 4101 Aequosque
1078 4047 1105 4085 ο.
1119 4034 1198 4088 venie
1213 4033 1341 4096 nurtuor
